2906 4836
229 246 270 314 50
564 243 602 303 P.
623 243 761 309 OVIDII
782 240 959 306 NASONIS

311 424 463 502 Scilicet,
487 435 524 486 ut
544 441 659 508 posses
682 424 760 487 olim
782 437 836 501 tu,
857 421 1013 500 Maxime,
1035 419 1138 510 nasei,

353 530 413 592 Cui
435 548 489 592 res
510 530 690 592 cunctando
713 529 920 592 restituenda
941 529 1043 610 soret,
1126 518 1131 543 ²

313 744 508 808 Continuata
530 743 605 806 loco
629 742 695 804 tria
717 741 843 819 sidera,
866 742 991 808 Corvus
1014 752 1048 803 et
1069 740 1209 826 tinguit,

351 855 394 912 Et
415 849 542 910 medius
564 849 682 911 Crater
705 848 793 910 inter
814 859 989 930 utrumque
1010 847 1110 910 iacet.

232 961 290 1036 245
312 957 423 1019 ldibus
445 957 503 1018 illa
523 957 644 1017 latent:
673 956 826 1016 oriuntur
846 967 943 1016 noete
966 955 1129 1038 sequenti.

328 1064 443 1157 'Quae
466 1061 530 1122 sibi
553 1083 610 1122 eur
632 1061 698 1122 tria
720 1061 785 1122 sint
807 1061 1007 1140 consociata,
1031 1081 1153 1124 canam.

309 1173 411 1232 Forte
433 1169 503 1236 lovi
524 1169 644 1230 festum
666 1167 821 1230 Phoebus
844 1169 1002 1230 sollemne
1023 1167 1179 1250 parabat:

348 1309 390 1322 -
410 1279 480 1337 Non
501 1274 603 1336 faciet
624 1276 735 1354 longas
756 1274 867 1336 fabula
888 1287 998 1336 nostra
1019 1292 1125 1334 moras
1145 1307 1187 1322 -

309 1385 434 1458 lmea,
456 1379 554 1459 dixit,
577 1381 660 1458 avis,
682 1400 725 1441 ne
747 1379 826 1462 quid
846 1381 901 1463 pia
923 1399 1012 1440 sacra
1032 1391 1196 1460 moretur,

230 1494 289 1555 250
350 1491 393 1550 Et
414 1500 546 1550 tenuem
567 1486 651 1553 vivis
673 1486 821 1548 fontibus
844 1485 929 1548 affer
950 1506 1075 1570 aquam.

312 1597 438 1661 Corvus
460 1595 645 1657 inauratum
665 1592 806 1676 pedibus
826 1605 958 1655 cratera
977 1593 1129 1660 recurvis

352 1701 474 1778 Tollit,
497 1713 532 1762 et
553 1701 678 1762 alirium
698 1700 851 1784 pervolat
872 1703 957 1762 altus
978 1700 1073 1763 iter..

311 1808 425 1871 Stabat
446 1807 547 1868 adhue
571 1806 663 1866 duris
684 1805 766 1866 ficus
788 1804 978 1866 densissima
997 1807 1122 1892 pomis:

352 1916 472 1974 Tentat
493 1933 563 1974 eam
584 1925 718 1974 rostro:
741 1930 806 1972 non
827 1923 900 1972 erat
921 1925 996 1994 apta
1016 1913 1094 1992 legi.

232 2023 289 2086 255
311 2020 512 2082 Immemor
503 2019 635 2104 imperii
660 2017 787 2079 sedisse
809 1995 869 2080 sub
891 2018 1012 2081 arbore
1034 2019 1159 2098 fertur,

352 2131 438 2188 Dum
458 2125 578 2188 fierent
599 2124 692 2186 tarda
715 2123 823 2185 dulcia
843 2145 937 2207 poma
957 2145 1058 2188 mora

311 2239 442 2318 lamque
465 2245 556 2294 satur
577 2231 680 2312 nigris
701 2231 834 2314 longum
854 2233 944 2316 rapit
964 2234 1128 2317 unguibus
1149 2233 1299 2316 hydrum,

352 2342 404 2404 Ad
425 2341 652 2422 dominumque
674 2340 781 2418 redit,
808 2339 949 2424 fictaque
970 2340 1072 2407 verba
1092 2340 1219 2402 refert.

312 2451 376 2511 Hic
397 2447 478 2508 mihi
501 2465 595 2508 causa
615 2466 745 2524 morae,
777 2446 925 2512 vivarum
947 2449 1103 2510 obsessor
1125 2469 1299 2532 aquarum·

231 2561 291 2623 abo
354 2556 418 2616 Hie
440 2553 548 2616 tenuit
569 2553 679 2624 fontes
701 2551 909 2638 officiumque
930 2575 1048 2617 meum.

313 2661 434 2738 Addit,
457 2660 502 2720 ait
509 2659 654 2742 ,eulpae
676 2663 859 2742 mendacia,
880 2661 1059 2726 Phoebus?
1082 2674 1116 2726 et
1137 2662 1239 2726 audes

352 2765 535 2833 Fatidicum
556 2767 668 2831 verbis
690 2767 809 2830 fallere
830 2769 916 2836 velle
939 2769 1058 2832 deum⁹

313 2879 356 2938 At
375 2875 457 2952 tibi,
481 2873 556 2934 dum
576 2875 702 2936 lactens
723 2873 906 2938 haerebit
896 2898 931 2937 ιιι
952 2877 1071 2945 arbore
1092 2875 1185 2956 fieus,

354 2985 405 3042 De
426 2980 518 3040 nullo
541 2979 669 3060 gelidae
692 2980 784 3041 i'onte
807 2978 961 3043 bibantur
985 3003 1098 3066 aquae

302 3224 362 3290 244
381 3221 423 3275 Hs
441 3237 515 3279 mav.
530 3220 575 3272 At
589 3221 694 3282 medrus
714 3251 748 3263 -
765 3223 828 3276 Aln
841 3225 914 3293 latet,
928 3245 980 3286 un
996 3228 1214 3299 maeat,pler1q
1231 3231 1304 3288 iacet

235 3318 294 3385 245
312 3315 428 3384 Pleriq
437 3315 495 3380 tili,
512 3322 643 3384 quatuor
658 3315 715 3372 sibi,
732 3315 978 3386 quostree-
990 3321 1049 3379 Un
1063 3322 1159 3374 itasint
1171 3321 1303 3398 -ριιιιι,

232 3407 573 3472 sunt-Aliitamsoeiala,
586 3405 801 3477 decomeonsoc„
815 3414 1025 3472 sexcentinuata.
1054 3417 1114 3484 247
1129 3414 1186 3472 Un
1194 3433 1305 3474 suerum
1337 3453 1341 3458 .

235 3506 296 3573 248
311 3503 368 3560 Un.
372 3502 473 3572 facim.
507 3503 567 3568 249.
586 3499 643 3558 Un.
656 3505 684 3560 Ι
696 3505 751 3570 pia
764 3504 886 3560 -Tres
896 3525 950 3559 mea
959 3525 1105 3574 summum
1114 3507 1259 3565 sineterra
1270 3537 1305 3548 —-

235 3598 349 3670 Pleriq.
358 3605 489 3648 morentur.
527 3595 588 3648 ubo.
606 3593 850 3657 ΜιιΙῐίινίνίε-
866 3598 925 3659 Un
936 3601 1020 3670 auser
1054 3601 1115 3658 ιόι
1133 3599 1209 3652 Tres
1221 3601 1303 3652 aethe

235 3697 310 3752 rium
345 3690 405 3746 ι56
423 3688 482 3748 Un
493 3690 575 3755 mitia,
592 3688 649 3741 duo
661 3690 753 3750 mollia
791 3692 852 3762 257
871 3691 979 3748 Omnes
994 3691 1080 3749 codd
1090 3693 1209 3758 Iamque,
1222 3691 1306 3762 quod

236 3787 368 3853 serravi3
388 3799 465 3838 unus
477 3791 592 3836 tantum
602 3784 677 3848 Inde,
689 3784 769 3854 quod
777 3785 819 3838 Hs
830 3795 859 3839 et
867 3786 969 3846 Burm.
983 3801 1046 3846 reo.
1055 3813 1090 3825 -
1100 3783 1161 3836 Pro
1172 3785 1251 3854 nigris
1260 3783 1305 3838 Hs

237 3883 316 3940 coni.
329 3883 422 3951 pigris,
444 3876 525 3949 quod
540 3875 641 3935 Burm.
657 3893 749 3949 quoq,
765 3879 875 3949 placet.
894 3910 929 3922 -
948 3879 1005 3936 Un.
1021 3879 1120 3948 longam
1134 3907 1169 3918 —
1186 3879 1305 3945 listram.

237 3969 299 4028 258.’
315 3973 377 4026 Alii
393 3973 445 4025 Ad
454 3973 580 4024 dominum
596 3970 678 4027 rediit,
713 3968 772 4025 262.
792 3971 850 4032 Un,
866 3974 953 4036 narsis,
968 3969 1044 4024 alius
1055 3971 1129 4038 veris,
1145 3983 1249 4046 exque
1261 3970 1303 4026 Ηι

237 4069 287 4120 veri
300 4065 442 4132 eonieeit.
479 4065 538 4132 264,
556 4061 617 4116 Alii
630 4064 749 4132 bibentur,
764 4075 876 4137 septem
896 4070 992 4125 nostr.
1005 4061 1127 4126 babent.
