2876 4826
479 273 711 338 Fosoonoot
731 272 809 340 LlB.
830 277 872 336 11.
891 280 894 286 ’

134 459 180 518 Et
204 453 274 516 sine
296 454 356 518 lito
380 454 498 538 loquax
520 476 592 517 eum
612 454 755 518 Palladia
776 455 855 520 alite
880 457 995 520 ooonix

4 587 6 630 t
96 587 100 593 ·
178 563 293 640 Sedit,
314 575 349 624 et
371 561 523 645 accipitri
545 563 656 626 innota
678 564 826 626 columbo
847 563 922 628 fuit.
970 617 972 620 .

138 669 277 753 Cynthia
298 689 395 753 saepe
416 669 484 732 tuis
505 668 628 746 fertur,
649 669 907 751 voeelio'Ariom

178 781 355 862 Tamquam
376 777 535 840 fraternis
556 778 759 862 obstupuisse
781 779 899 843 modis.
925 796 928 803 ·

137 887 265 948 Nomen
285 885 464 950 Arionium
482 885 608 948 Sieolee
630 885 827 970 impleverat
847 889 962 967 urbes,

181 994 350 1076 Captaque
373 1005 446 1056 erat
465 992 577 1074 lyricis
596 992 736 1055 Ausonia
757 1014 816 1056 ora
837 995 940 1061 eoois.
1171 1072 1177 1084 Ι

138 1098 219 1162 inde
242 1099 373 1162 domum
393 1112 549 1182 repetent
568 1099 705 1183 puppim
726 1101 916 1166 conscendit
936 1103 1052 1184 Arion,
1178 1110 1218 1191 95

180 1209 288 1289 Atque
309 1206 357 1269 ite
377 1207 542 1290 quaesitas
564 1219 636 1270 erte
658 1207 790 1270 ferebat
812 1229 912 1294 opem>
987 1251 999 1271 ·.
1022 1237 1025 1242 ·

140 1315 315 1393 Forsitan,
336 1314 471 1394 infelix,
493 1327 610 1381 ventos
631 1316 815 1400 undamque
836 1317 996 1399 timeboe3

182 1423 226 1484 At
246 1421 310 1514 tibi
330 1442 413 1488 nave
434 1434 491 1484 tua
511 1423 615 1485 tutius
636 1439 761 1508 nequer
782 1436 865 1489 eret.
895 1463 897 1472 ι

110 1531 286 1614 „Namque
308 1528 513 1612 gubernator
534 1529 695 1592 destricto
717 1531 867 1593 constitit
889 1552 981 1608 ense,

160 1685 162 1692 .
183 1637 370 1719 ceteraque
392 1647 514 1698 armate
537 1636 668 1698 ooneeie
688 1636 787 1700 turbo
807 1658 913 1704 manu.
1163 1645 1218 1708 ¹05

141 1742 234 1834 Quid
253 1742 317 1805 tibi
339 1763 413 1806 oum
435 1742 570 1824 gladio?
592 1742 722 1805 dubiem
742 1763 837 1826 rege,
856 1745 988 1825 navita,
1010 1747 1132 1830 pinum.

183 1852 254 1912 Non
274 1863 348 1913 sunt
369 1850 449 1914 hoec
472 1850 586 1934 digitis
606 1872 695 1912 erma
714 1851 856 1914 tenenda
878 1855 954 1914 tuis.

140 1958 204 2020 lile
224 1971 314 2022 metu
335 1958 488 2042 pavidus,
501 1961 652 2020 Mortem
672 1978 736 2020 non
757 1957 939 2042 deprecor,
961 1960 1086 2044 inquit:

183 2065 250 2128 Sed
269 2065 369 2129 liceat
390 2079 518 2152 sumptu
537 2087 639 2150 pauee
659 2065 794 2130 referre
816 2069 898 2149 lyra.

142 2175 233 2235 Dant
248 2172 390 2250 venium,
411 2173 590 2258 ridentque
610 2193 746 2236 morum.
769 2173 866 2256 Capit
887 2175 946 2236 ille
972 2195 1135 2254 eoronam,
1163 2179 1218 2241 mo

185 2281 279 2373 Quae
300 2281 402 2365 pooeit
423 2281 556 2360 ω’ἰιιεεε,1
572 2281 723 2360 Phoebe,
746 2281 866 2344 dooere
888 2295 976 2345 tuos.
1021 2303 1040 2376 .'

142 2387 302 2451 induerat
324 2387 426 2470 Tyrio
447 2388 499 2452 bie
520 2390 657 2452 tinetem
677 2390 805 2452 murice
826 2391 963 2473 pellam:

187 2493 348 2560 Reddidit
369 2495 435 2556 ieta
457 2515 533 2558 euos
555 2497 677 2579 pollice
699 2497 820 2560 chorda
840 2512 953 2560 sonos:

215 2789 259 2861 89.
276 2789 385 2844 Decem
402 2809 497 2848 corvus.
539 2792 584 2863 93.
602 2793 700 2854 Noun.
713 2797 883 2864 eompieuerot,
901 2825 934 2835 —
951 2793 1145 2865 Pleriqoras,
1163 2812 1221 2865 pro

146 2899 208 2954 quo
219 2882 261 2937 Hs
274 2900 442 2942 mammes.
476 2887 520 2956 94.
536 2884 612 2940 Tres
625 2891 714 2946 modis.
749 2889 1062 2960 96.U1'1.Etsibiquoas.
1098 2907 1142 2960 97,
1155 2889 1221 2942 Ple-

145 2975 208 3048 riq.
229 2981 370 3048 undasque,
394 2978 515 3043 melior,
534 2990 634 3039 nostr.
680 2983 724 3053 98.
748 2983 823 3038 Tres
844 2984 906 3034 Hae
928 2983 982 3038 tihi,
1000 3013 1035 3022 —
1052 2983 1110 3039 Un.
1127 2984 1223 3041 uotiua

144 3090 189 3142 qq.
213 3071 271 3129 Uo.
290 3069 412 3142 Imnque,
434 3073 516 3144 quod
536 3074 638 3134 Burin.
656 3093 760 3130 verum
782 3086 881 3149 putat.
907 3107 942 3117 -
969 3075 1084 3148 Pleriq,
1102 3079 1223 3136 districto.

147 3182 207 3223 eoo.
219 3165 336 3248 Pleriq.
347 3179 445 3234 armata
457 3179 508 3232 eet,
532 3185 565 3222 ox
576 3187 636 3240 quo
646 3169 687 3224 Hs
701 3185 776 3228 mov.
785 3155 896 3224 armatae
907 3199 940 3212 -
951 3187 1051 3229 mouns.
1083 3189 1141 3229 toi.
1157 3173 1223 3226 Duo

146 3268 264 3313 tantum
283 3263 389 3330 pinum,
415 3263 494 3335 quod
513 3263 556 3318 He
577 3279 642 3321 reo.
666 3265 775 3318 eeteri-
791 3281 899 3319 omnes·
912 3267 1018 3336 puppim
1039 3276 1091 3320 aut
1107 3287 1225 3336 puppam,

149 3370 209 3410 loo.
226 3353 285 3412 Un.
301 3357 360 3408 Non
374 3359 437 3410 haee
448 3369 518 3415 sunt.
529 3385 561 3398 -·
574 3359 814 3435 Quinqfirenda,
833 3377 868 3413 ex
884 3377 944 3430 quo
958 3360 1001 3414 Hs
1020 3361 1100 3419 ooni.
1116 3365 1226 3416 terenda.

150 3447 209 3503 103.
225 3447 334 3503 Omnes
344 3449 429 3505 codd.
438 3453 560 3518 pavidus,
576 3469 653 3504 unus
664 3461 779 3505 tantum
794 3469 852 3523 pro
861 3454 946 3506 vario
958 3455 1138 3520 teutonicum,
1147 3455 1227 3524 quod

147 3538 191 3592 Hs
206 3556 269 3598 reo.
290 3543 354 3613 Ego
369 3543 446 3596 illud
461 3545 594 3608 servavi,
615 3563 704 3616 quum
719 3545 816 3600 Arion
832 3546 990 3602 Herodoto
1004 3547 1033 3612 1¹,
1048 3547 1091 3604 23.
1108 3556 1139 3600 ot
1155 3546 1224 3599 Gel-

148 3633 191 3687 lio
205 3634 291 3701 XVI,
312 3638 536 3709 19·auotoribue
549 3655 620 3692 vore
637 3641 825 3709 perterritus
839 3639 945 3697 fuerit.
990 3646 1050 3708 ¹⁰4·
1066 3641 1142 3694 Tres
1155 3643 1185 3694 Si
1192 3642 1225 3694 li·

148 3740 214 3795 oeat,
233 3731 316 3799 quod
328 3731 371 3786 Hs
388 3731 557 3802 approbet,
577 3732 606 3785 ti·
619 3742 708 3786 antee
722 3735 833 3800 deprecer
850 3733 982 3804 legetur.
1006 3733 1109 3791 Burm.
1124 3749 1225 3790 asten·

148 3823 237 3879 titur.
295 3827 353 3881 105.
380 3826 438 3882 Uu.
460 3827 535 3894 rapit.
590 3826 649 3881 106.
670 3825 747 3878 Edd.
771 3826 879 3898 quaed.
904 3836 935 3880 et
958 3843 1036 3878 unus
1058 3818 1227 3896 oodposaet

151 3935 211 3984 ¹07·
229 3918 317 3974 Multi
335 3923 426 3974 Induit
441 3933 475 3978 et.
491 3920 533 3972 Hs
548 3935 623 3974 mot.
637 3922 770 3976 Inciditur.
787 3951 821 3960 —
839 3922 896 3978 Uo.
908 3923 1030 3988 depictam
1047 3941 1112 3978 mur.
1128 3934 1226 3990 vestem,

148 4009 333 4082 odd.quood.
345 4015 497 4072 dt‘o‘tinotom.
516 4043 549 4056 -·
567 4013 693 4092 Quidam
708 4033 773 4070 mur.
784 4016 879 4072 danem.
918 4015 975 4072 108.
995 4015 1070 4069 Tres
1084 4019 1181 4070 Reddit
1194 4031 1227 4082 et,

147 4122 199 4163 un.
217 4107 313 4160 Reddit
326 4118 403 4166 taeta,
