2876 4826
543 282 581 344 1³.
605 283 744 352 Ovloll
766 285 945 347 Nasonis

294 464 383 528 Neve
406 465 501 524 daret
527 466 643 526 saltum
664 486 845 548 properans
867 467 1019 528 insistere
1043 480 1166 545 terrae,

332 571 396 640 Vix
418 585 468 633 est
490 573 636 632 Euandri
657 573 776 654 vixque
799 587 928 635 retenta
949 595 1064 651 manu3

292 681 402 769 Dique
424 679 621 761 petitorum,
645 680 745 756 dixit,
769 686 892 746 salvete
915 683 1075 758 locorum,

210 788 271 851 510
314 788 448 866 'Tuque
470 807 569 850 novos
593 788 683 848 coelo
705 801 798 849 terra
820 790 934 850 datura
957 790 1046 864 deos,

291 893 517 976 Fluminaque,
542 907 575 954 et
590 896 726 970 Fontes,
750 896 868 978 quibus
892 898 997 958 utitur
1018 896 1146 978 hospita
1168 895 1283 974 tellus,

333 1001 377 1060 Et
397 1021 565 1060 nemorum
586 1000 766 1081 Nymphae,
790 1003 1011 1084 Naiadumque
1036 1003 1148 1065 ebori!

292 1105 369 1166 Este
391 1106 486 1166 bonis
510 1108 622 1169 avibus
645 1106 706 1170 visi
727 1121 869 1188 natoque
892 1110 1049 1192 mihique,

332 1213 482 1295 Ripaque
505 1213 598 1274 t'elici
621 1228 707 1276 taeta
730 1217 770 1276 sit
793 1218 856 1277 ista
877 1218 980 1298 pede!
1065 1237 1067 1242 ’

211 1319 270 1384 515
291 1321 429 1382 Fallor?
464 1343 502 1381 an
524 1322 559 1380 hi
580 1321 660 1383 {ient
681 1324 828 1405 ingentia
849 1326 978 1386 moenia
1001 1327 1115 1402 eolles,

334 1430 475 1510 luraque
498 1431 536 1490 ab
559 1431 616 1490 hac
639 1431 734 1490 terra
754 1444 869 1492 cetera
889 1445 981 1492 terra
1002 1433 1117 1516 petet?

293 1536 459 1596 Montibus
483 1537 741 1625 hisolim'totns
763 1539 971 1621 promittitur
994 1541 1098 1604 orbis·

335 1643 417 1736 Quis
440 1655 566 1704 tantum
587 1643 648 1704 fati
671 1645 783 1706 credat
804 1645 925 1706 habere
948 1647 1076 1707 locum?
1167 1641 1170 1648 ’

293 1751 337 1812 Et
358 1751 421 1810 iam
442 1751 627 1812 Dardaniae
650 1765 784 1831 tangent
805 1753 887 1814 haee
908 1753 1008 1813 litora
1030 1754 1138 1836 pinus.

66 1861 69 1868 ’
143 1865 146 1871 ’
200 1854 272 1921 ¹620
334 1859 399 1918 Hic
417 1879 547 1940 quoque
571 1848 664 1920 cansa
688 1860 765 1924 novi
788 1859 908 1922 femina
928 1860 1042 1920 Martis
1063 1861 1141 1923 erit.

296 1965 380 2026 Care
402 1985 524 2048 nepos,
545 1965 654 2043 Palla,
678 1967 807 2028 funesta
829 1966 909 2049 quid
930 1966 1038 2026 induis
1061 1969 1173 2026 arma?

334 2071 457 2132 Indue:
481 2093 545 2132 non
566 2071 682 2134 humili
704 2073 833 2136 vindice
857 2093 971 2134 caesus
995 2072 1074 2134 eris.

292 2177 388 2246 Victa
409 2191 517 2240 tamen
538 2179 668 2256 vinces,
690 2200 872 2262 eversaque
894 2180 998 2260 Tro-ja
1019 2199 1173 2260 resurges
1181 2203 1195 2258 3

335 2283 467 2346 Obruet
488 2285 623 2347 hostiles
644 2286 708 2347 ista
729 2287 824 2347 ruina
847 2287 969 2347 domos.

212 2391 273 2456 525
293 2391 389 2467 Urite
410 2393 569 2457 victrices
591 2393 755 2476 Neptunia
776 2397 933 2470 Pergama
954 2389 1141 2454 flammae:I

334 2503 417 2562 Num
439 2502 545 2562 minus
566 2501 621 2560 hie
644 2513 713 2562 toto
737 2513 785 2560 est
808 2501 906 2562 altior
928 2501 1009 2561 orbe
1032 2499 1139 2560 einis?

282 2728 344 2799 507.
362 2728 425 2780 Alii
441 2732 517 2796 ripae.
552 2727 611 2783 508.
630 2726 671 2776 Hs
686 2741 760 2783 mav,
772 2727 891 2775 Euandre
903 2733 954 2775 aut
970 2725 1034 2788 Vix,
1049 2725 1181 2787 Euandre,
1199 2737 1241 2773 tna
1256 2751 1293 2765 -

213 2833 352 2880 mannent,
365 2853 399 2862 -
419 2823 477 2880 Un.
492 2825 548 2873 dira
569 2833 671 2877 retenta.
707 2821 767 2875 512,
786 2818 903 2887 Pleriq,
921 2817 1041 2873 melior.
1062 2838 1185 2868 tremorum
1207 2819 1297 2882 silone,

215 2934 267 2974 un.
279 2937 378 2968 nemora
389 2930 412 2968 et
424 2920 508 2982 sileae,
526 2917 607 2986 quod
622 2915 724 2971 Burni,
741 2930 821 2978 reo„
838 2922 902 2964 tres
919 2931 1042 2962 nemorum
1056 2914 1140 2974 divae,
1158 2911 1238 2979 quod
1248 2909 1296 2960 Hs

214 3027 294 3075 reo.;
320 3026 375 3080 ego
390 3027 452 3066 ree.
469 3011 583 3079 vulgat,
606 3009 705 3078 prior.
725 3007 811 3063 editt,
825 3005 997 3059 lectionem.
1044 3003 1106 3059 513.
1123 3003 1167 3052 De
1182 3000 1297 3052 Paride

216 3102 361 3153 Helenam
375 3109 474 3154 seeum
487 3103 628 3172 rapiente
642 3103 750 3156 Horat.
767 3100 822 3155 Od.
838 3100 867 3163 Ι,
884 3099 931 3163 15,
947 3097 973 3152 5.
992 3096 1069 3148 mata
1081 3095 1164 3147 ducis
1183 3093 1228 3147 avi
1241 3094 1296 3144 do-

215 3209 305 3250 mum.
339 3195 401 3260 514.
415 3195 472 3248 Un.
485 3199 587 3262 Istnqne
591 3196 671 3263 felici
681 3197 736 3261 ripa
747 3196 780 3244 sit
791 3195 840 3244 icta
850 3196 920 3259 pede.
956 3189 1018 3244 516.
1033 3188 1090 3244 Un.
1104 3187 1297 3257 optinncctera

215 3290 299 3345 turba.
312 3319 347 3328 -
362 3289 421 3344 Un.
436 3301 526 3355 petent,
545 3288 705 3356 aliusferet,
740 3286 801 3341 518.
822 3286 863 3337 Hs
879 3285 958 3342 coni.
970 3295 1068 3334 tantum
1079 3282 1207 3348 lnmcjnti
1218 3301 1251 3345 cr,
1264 3282 1296 3336 n,

215 3385 295 3434 locum
315 3391 366 3434 aut
379 3385 438 3432 hnic
454 3411 488 3420 -
507 3385 584 3434 inesse
599 3383 659 3437 loco.
694 3381 756 3450 519.
774 3379 835 3434 Alii
851 3379 1026 3434 Dardanidae,
1046 3375 1086 3428 Hs
1100 3390 1173 3430 mov,
1188 3377 1295 3424 Darde-

216 3479 296 3534 m'des.
314 3477 451 3554 Quatnor
463 3486 562 3532 nostr.
573 3475 695 3532 hebent.
730 3476 791 3530 520.
807 3475 848 3526 Hs
862 3489 937 3527 man.
953 3473 1016 3524 His.
1031 3497 1060 3506 ψ
1077 3469 1157 3520 Haeo
1172 3469 1296 3518 Aeneae

216 3574 253 3626 de
268 3572 393 3624 Lavinia
410 3587 474 3622 cum
490 3571 594 3622 Turno
616 3578 700 3639 gesta
714 3568 797 3622 bella
817 3563 964 3618 describit
985 3563 1074 3632 Virg,
1094 3563 1125 3614 in
1141 3559 1296 3612 Aeneidos

215 3666 305 3720 libris
322 3682 372 3719 sex
384 3664 621 3734 posterioribus.
656 3665 715 3721 521.
731 3662 880 3726 Pallanta,
891 3657 1025 3712 Euandri
1038 3656 1144 3719 filiuna‚
1162 3670 1177 3705 a
1189 3655 1298 3705 Turno

217 3761 433 3832 interemptum
444 3759 605 3811 ulciscitur
619 3759 746 3814 Aeneas,
768 3755 813 3810 Cl'.
825 3754 912 3823 Vieg.
932 3754 967 3802 A.
978 3751 1013 3816 X,
1026 3753 1087 3806 510.
1125 3751 1184 3813 5²4·
1202 3745 1296 3814 Vino,

217 3853 252 3906 Λ.
263 3854 293 3917 Ι,
309 3853 368 3910 283.
387 3852 499 3906 Veniet
515 3852 622 3904 lustris
636 3849 808 3902 labentibus
826 3858 920 3914 aetas,
935 3847 1031 3922 Quum
1042 3842 1298 3896 doinnshssaraei

218 3947 355 4000 Phthiam
369 3947 525 4019 clarasque
537 3947 676 4016 Mycenes
690 3943 823 3997 Servilio
836 3951 970 4012 premet,
988 3955 1020 3990 ac
1033 3937 1121 3989 vietis
1133 3933 1299 3989 dominabi-

217 4041 384 4110 turht·gi8.
422 4041 481 4096 525.
502 4041 577 4092 Octo
595 4041 699 4094 moenisn
735 4037 795 4091 526.
815 4035 965 4087 AliiNnnc
978 4033 1056 4084 minor
1068 4041 1118 4082 aut
1130 4032 1188 4080 Non
1206 4030 1303 4090 minor,

218 4135 354 4206 autssNnm
368 4137 447 4185 minor
450 4171 461 4201 7
478 4151 554 4186 unus
567 4136 622 4186 Nec
639 4135 734 4195 mines,
750 4141 812 4186 tres
825 4132 884 4179 Non
898 4131 994 4191 nzinns,
1014 4135 1077 4178 tres
1093 4123 1143 4178 alii
1163 4124 1233 4173 nnn.
1248 4122 1298 4170 mi·
