2876 4826
1083 280 1176 337 xvtt

117 503 248 560 Curetum
266 498 410 576 Neapolim
421 495 466 576 ⁷),
489 493 581 552 Nicel.
598 491 738 551 Heinsium
750 489 798 570 ⁸),
819 491 929 548 Petrum
935 492 1122 548 Burmannum
1134 489 1176 566 ⁹),

119 655 1180 687 W

182 779 214 847 7)
229 783 284 836 Hic
298 781 428 835 omnium
440 795 549 850 genere
566 776 804 840 illustrissimus,
822 772 1015 826 Resuttaniae
1028 770 1060 822 in
1071 769 1180 823 'Sicilia

114 886 177 930 tum
186 873 453 946 principislrater‚
469 867 711 932 Panormitam,
726 882 803 920 anuo
813 865 919 920 aetatis
929 864 1072 934 vigesimo
1082 862 1180 932 primo
1269 855 1274 863 ’

113 967 342 1020 commentarios
360 965 390 1016 in
405 964 564 1016 Fastorum
576 961 672 1012 libros
688 959 832 1024 absolvit,
848 975 922 1029 quos
934 959 1021 1026 Eryc.
1030 955 1180 1008 Puteanus
1232 1021 1238 1028 ἰ

112 1061 168 1110 hac
183 1059 382 1129 inscriptione
397 1055 508 1109 edidit:
529 1057 590 1107 Car.
602 1055 721 1121 Neapolis
729 1029 878 1119 Annptyciis
890 1056 927 1103 ud
936 1055 1024 1102 Festos
1037 1051 1180 1102 Ovidinnos.

112 1151 347 1220 Antverp.1639.
362 1151 385 1208 f.
401 1149 483 1200 Hanc
499 1145 663 1200 editionem
676 1144 777 1198 addito
794 1154 877 1197 textu
893 1161 957 1196 cum
973 1139 1181 1196 additamentis

113 1241 240 1312 repetiit
251 1241 294 1299 10,
304 1239 388 1293 Felix
397 1239 543 1296 Palesius.
568 1237 707 1290 Panormi
719 1237 794 1304 1735.
808 1237 830 1296 f.
839 1251 914 1308 quae
924 1235 1016 1288 editio
1025 1235 1089 1287 sine
1099 1244 1182 1287 textu

114 1335 150 1385 ab
164 1333 267 1385 eodem
281 1333 398 1386 Palesio
414 1333 523 1385 iterum
535 1347 643 1384 recrrsa
658 1339 702 1382 est
721 1329 752 1381 in
767 1330 858 1386 Temo
869 1329 966 1399 primo
982 1331 1118 1395 Lampadis
1131 1331 1183 1380 sive

112 1428 188 1478 Faces
203 1427 295 1478 artium
305 1426 444 1476 liberalium
458 1427 518 1478 Iun.
538 1424 648 1475 Gruters',
666 1421 803 1479 Floram.
820 1421 894 1490 1735.
907 1421 929 1476 f.
946 1419 1056 1485 Palesii
1068 1419 1182 1472 addita·

112 1508 213 1570 menta
223 1517 303 1570 levia
315 1525 385 1570 suut
394 1533 449 1570 nce
461 1517 553 1576 ullius
569 1517 634 1569 lere
647 1515 799 1572 momenti.
825 1515 871 1566 Ad
883 1515 976 1568 crisin
988 1519 1049 1566 riou
1058 1514 1182 1566 multum

113 1610 245 1674 contulit
258 1610 411 1680 Neapolis,
428 1610 526 1680 solum
535 1611 601 1661 l'crc
614 1619 775 1677 occupatus
788 1607 818 1658 in
831 1607 921 1660 rebus
934 1607 1124 1677 antiquitatis
1136 1624 1182 1659 ex-

42 1771 43 1776 *
111 1701 287 1771 planandis‚
303 1719 364 1754 non
375 1702 440 1755 sine
449 1715 555 1770 magno
564 1700 677 1754 fructu.
813 1707 814 1710 ’
1080 1763 1083 1772 ¹

180 1792 211 1861 ὃ)
229 1795 285 1846 Hic
298 1795 614 1865 Lugduno·Batarus‚
633 1793 709 1850 Dan.
723 1791 841 1846 Heinsii
857 1791 955 1858 lilius,
976 1793 1077 1857 isset,
1096 1809 1183 1863 quem

112 1887 228 1958 optimo
248 1883 429 1962 iure··0vidii
448 1887 661 1958 sospitatorem
681 1896 710 1940 et
728 1887 936 1940 restitutorem
952 1887 1118 1958 appellant.
1152 1886 1181 1938 Is

112 1981 250 2033 sarhsidie
264 1979 333 2050 plus
350 1980 502 2050 sexaginta
516 1980 649 2032 codicum
661 1996 728 2034 mss.
742 1969 1089 2048 instruetussummaquls
1100 1995 1181 2048 saga·

113 2076 207 2128 citate
222 2083 252 2125 et
265 2071 403 2138 doctrina
412 2072 568 2142 praeditus
578 2070 715 2123 Ovidium
728 2059 836 2124 novum
849 2071 915 2123 lere
928 2071 960 2122 in
970 2070 1066 2123 lucem
1076 2070 1180 2128 edidit.

113 2166 240 2220 Amstel.
251 2165 440 2220 1658-1661.
454 2165 470 2218 3
480 2165 561 2222 Tem.
573 2181 614 2222 aa.
631 2181 757 2234 quorum
767 2143 876 2234 ¹cuique
886 2181 954 2218 suas
964 2175 1051 2218 notas
1061 2164 1183 2218 adiecit.

114 2262 197 2338 Quos
212 2257 329 2310 codices
342 2257 496 2322 habuerit,
515 2268 545 2310 et
558 2256 640 2310 cuius
653 2258 700 2308 illi
711 2257 820 2310 aetatis
834 2267 864 2310 et
877 2257 956 2330 unde
972 2257 1098 2322 fuerint,
1114 2275 1182 2310 nus·

112 2349 275 2421 quamips'e
285 2349 370 2414 dixit,
388 2349 508 2402 sedalio
518 2360 653 2420 tempore
667 2365 697 2401 sc
708 2349 857 2402 dicturum
868 2349 1024 2418 promisit:
1043 2335 1102 2418 quo
1111 2368 1180 2420 pro-

111 2443 205 2495 misso
219 2457 377 2512 numquam
392 2443 489 2503 stetit,
525 2442 618 2495 Curae
632 2452 729 2494 autem
742 2441 805 2494 eius
818 2423 962 2494 secundas
976 2452 1181 2511 postmortem

111 2535 300 2588 Burmannus
310 2533 341 2585 in
351 2533 483 2587 editione
493 2551 544 2587 sua
557 2535 697 2604 pretulit.
731 2534 815 2586 Nunc
825 2551 897 2586 vero
909 2544 991 2587 certe
1001 2551 1060 2586 una
1070 2535 1180 2588 et'con·

112 2627 248 2682 sentiens
264 2636 310 2679 est
321 2625 454 2678 virorum
468 2625 625 2682 doctorum
634 2646 704 2696 vox,
722 2627 878 2680 Heinsium
887 2627 973 2680 nimis
985 2644 1073 2697 saepe
1085 2644 1180 2679 emen·

111 2719 205 2773 dandi
219 2719 346 2772 libid-ine
365 2729 534 2790 correptum
553 2729 664 2772 textum
680 2717 793 2774 {emere
811 2731 951 2779 mutasse.
984 2723 1050 2774 Etsi
1063 2723 1181 2776 Heinsii

112 2825 199 2868 notas
212 2830 312 2866 omnes
321 2813 508 2869 Burmannus
523 2811 650 2880 recepit,
668 2813 740 2865 mihi
756 2797 854 2866 tamen
866 2814 919 2867 illa
934 2815 969 2868 ab
978 2815 1102 2867 Heinsio
1112 2817 1179 2886 ipso

114 2917 220 2960 curata
235 2904 369 2958 editione
386 2903 530 2959 utendum
546 2904 605 2956 suit
620 2903 650 2955 in
666 2902 783 2974 aliquot
798 2907 947 2960 mendosis
962 2907 1037 2960 locis
1053 2907 1178 2961 alterius

112 2998 267 3054 editionis.

181 3094 209 3158 9)
227 3089 304 3144 Huic
314 3089 425 3144 Batavo
437 3091 501 3144 sine
514 3091 604 3144 dubio
617 3092 905 3164 praestantissimam
917 3092 1078 3148 editionem
1090 3097 1178 3154 debe·

110 3202 194 3251 mus,
214 3199 290 3255 quae
309 3184 352 3236 ita
370 3183 516 3252 inscripta
536 3193 598 3237 est:
620 3188 661 3264 ·P.
679 3185 765 3238 ovidii
780 3187 818 3238 N.
837 3182 926 3254 Opera.
958 3191 989 3243 C.
1005 3192 1106 3262 integris
1120 3198 1176 3250 Ine.

109 3281 228 3347 Mizylli,
245 3281 323 3331 Here.
338 3277 455 3346 Ciofani,
474 3279 680 3346 Cat-Neapolis,
696 3279 767 3332 Dan.
778 3282 882 3332 Heinsii
894 3283 956 3334 netis
969 3294 992 3334 et
1005 3287 1066 3338 Nic.
1076 3288 1181 3339 Heinsio*

108 3376 178 3426 euris
190 3373 303 3424 secundas
315 3382 339 3423 et
351 3373 456 3423 alierum
466 3371 560 3438 partim
570 3371 672 3440 integris
680 3369 774 3436 parlim
786 3374 903 3439 excerptis
912 3378 1108 3428 adsentationibus
1118 3399 1178 3430 oum

109 3480 135 3521 et
142 3469 225 3518 stndt'e
233 3467 307 3516 Petri
311 3466 466 3530 Burmanni,
478 3465 522 3530 qui
528 3474 616 3515 etsuas
625 3475 694 3517 notua
702 3467 800 3516 adiecit.
818 3467 941 3522 Amstcl.
951 3486 1024 3538 ¹7²7·
1034 3475 1050 3537 4
1059 3473 1140 3527 Tem.
1149 3476 1175 3539 4.

108 3559 209 3612 Etiam
229 3558 277 3610 hic
293 3557 377 3610 novis
395 3551 510 3626 aliquot
526 3556 679 3608 codicibus
692 3558 859 3612 instructus
874 3559 911 3612 ad
927 3561 1064 3616 Ovidium
1080 3582 1175 3618 emen·

111 3651 240 3704 dandum
256 3649 402 3714 accessit,
427 3658 456 3700 ct
471 3647 662 3701 Heiusianam
680 3651 885 3704 recensionem
903 3653 1000 3708 denuo
1020 3659 1174 3713 recensuit

112 3762 146 3798 ac
160 3743 301 3816 pluribus
318 3743 392 3794 locis
408 3743 549 3806 mutavit,
576 3742 618 3794 ita
634 3751 807 3818 tamen‚lut
828 3744 941 3814 largam
960 3765 1172 3822 usquequaque

113 3838 265 3890 aratoriam
282 3834 456 3888 emendandi
471 3843 501 3886 et
517 3835 697 3886 restituendi
707 3835 806 3888 Ovidii
819 3837 885 3889 aliis
897 3839 1074 3910 reliquerit,
1094 3853 1124 3898 et
1136 3847 1172 3900 ab

113 3929 207 3999 ipsius
222 3930 310 3984 etiam
325 3927 504 3981 lectionibus
520 3928 651 3998 receptis
666 3928 737 3980 milri
753 3929 913 4000 aliquoties
928 3934 1127 3992 recedendum
1142 3954 1173 3997 et

110 4021 148 4074 ad
159 4023 336 4076 Heinsianas
352 4019 534 4075 redeundum
547 4037 611 4076 esse
626 4032 770 4092 putarem.
1072 4011 1075 4018 ¹

931 4147 979 4204 illl
