<?xml version="1.0" encoding="UTF-8"?>
<!DOCTYPE html PUBLIC "-//W3C//DTD XHTML 1.0 Transitional//EN"
    "http://www.w3.org/TR/xhtml1/DTD/xhtml1-transitional.dtd">
<html xmlns="http://www.w3.org/1999/xhtml" xml:lang="en" lang="en">
 <head>
  <title>
</title>
<meta http-equiv="Content-Type" content="text/html;charset=utf-8" />
  <meta name='ocr-system' content='tesseract 3.04.00' />
  <meta name='ocr-capabilities' content='ocr_page ocr_carea ocr_par ocr_line ocrx_word'/>
</head>
<body>
  <div class='ocr_page' id='page_1' title='image "./povidiinasonisf00krebgoog_0012.png"; bbox 0 0 2876 4826; ppageno 0'>
   <div class='ocr_carea' id='block_1_1' title="bbox 1142 333 1206 396">
    <p class='ocr_par' dir='ltr' id='par_1_1' title="bbox 1142 333 1206 396">
     <span class='ocr_line' id='line_1_1' title="bbox 1142 333 1206 396; baseline 0.016 -1"><span class='ocrx_word' id='word_1_1' title='bbox 1142 333 1206 396; x_wconf 82' lang='lat' dir='ltr'><strong>&#39;vn</strong></span> 
     </span>
    </p>
   </div>
   <div class='ocr_carea' id='block_1_2' title="bbox 136 499 1300 957">
    <p class='ocr_par' dir='ltr' id='par_1_2' title="bbox 136 499 1300 957">
     <span class='ocr_line' id='line_1_2' title="bbox 136 499 1300 638; baseline -0.001 -26"><span class='ocrx_word' id='word_1_2' title='bbox 136 520 429 638; x_wconf 75' lang='lat' dir='ltr'><strong>peregrinam,</strong></span> <span class='ocrx_word' id='word_1_3' title='bbox 448 547 537 634; x_wconf 87' lang='lat' dir='ltr'><strong>quo</strong></span> <span class='ocrx_word' id='word_1_4' title='bbox 553 547 607 604; x_wconf 84' lang='lat' dir='ltr'><strong>ex</strong></span> <span class='ocrx_word' id='word_1_5' title='bbox 627 519 765 634; x_wconf 84' lang='lat' dir='ltr'><strong>patria</strong></span> <span class='ocrx_word' id='word_1_6' title='bbox 783 520 898 608; x_wconf 87' lang='lat' dir='ltr'><strong>cessi.</strong></span> <span class='ocrx_word' id='word_1_7' title='bbox 927 520 1052 610; x_wconf 87' lang='lat' dir='ltr'><strong>Hanc</strong></span> <span class='ocrx_word' id='word_1_8' title='bbox 1067 517 1207 610; x_wconf 85' lang='lat' dir='ltr'><strong>sedem</strong></span> <span class='ocrx_word' id='word_1_9' title='bbox 1297 499 1300 508; x_wconf 58' lang='grc'><strong><em>’</em></strong></span> 
     </span>
     <span class='ocr_line' id='line_1_3' title="bbox 142 681 1210 796; baseline -0.001 -28"><span class='ocrx_word' id='word_1_10' title='bbox 142 713 204 771; x_wconf 72' lang='lat' dir='ltr'><strong>ax</strong></span> <span class='ocrx_word' id='word_1_11' title='bbox 227 681 520 796; x_wconf 84' lang='lat' dir='ltr'><strong>illoterupure</strong></span> <span class='ocrx_word' id='word_1_12' title='bbox 544 709 782 793; x_wconf 81' lang='lat' dir='ltr'>numquam</span> <span class='ocrx_word' id='word_1_13' title='bbox 803 681 987 782; x_wconf 85' lang='lat' dir='ltr'><strong>mutavi,</strong></span> <span class='ocrx_word' id='word_1_14' title='bbox 1016 681 1210 796; x_wconf 81' lang='lat' dir='ltr'><strong>quamvis</strong></span> 
     </span>
     <span class='ocr_line' id='line_1_4' title="bbox 143 835 1209 957; baseline -0.002 -29"><span class='ocrx_word' id='word_1_15' title='bbox 143 838 613 957; x_wconf 82' lang='lat' dir='ltr'><strong>saepealioconcedere</strong></span> <span class='ocrx_word' id='word_1_16' title='bbox 626 835 871 928; x_wconf 87' lang='lat' dir='ltr'><strong>admonitus</strong></span> <span class='ocrx_word' id='word_1_17' title='bbox 884 859 1011 955; x_wconf 86' lang='lat' dir='ltr'><strong>atque</strong></span> <span class='ocrx_word' id='word_1_18' title='bbox 1023 858 1209 928; x_wconf 79' lang='lat' dir='ltr'><strong>vocatus.</strong></span> 
     </span>
    </p>
   </div>
   <div class='ocr_carea' id='block_1_3' title="bbox 24 985 1212 1114">
    <p class='ocr_par' dir='ltr' id='par_1_3' title="bbox 24 985 1212 1114">
     <span class='ocr_line' id='line_1_5' title="bbox 24 985 1212 1114; baseline -0.002 -24"><span class='ocrx_word' id='word_1_19' title='bbox 24 1013 28 1026; x_wconf 81' lang='grc'>’</span> <span class='ocrx_word' id='word_1_20' title='bbox 145 1001 194 1088; x_wconf 83' lang='lat' dir='ltr'><strong>A·</strong></span> <span class='ocrx_word' id='word_1_21' title='bbox 206 987 428 1114; x_wconf 67' lang='lat' dir='ltr'><strong>discipulis</strong></span> <span class='ocrx_word' id='word_1_22' title='bbox 447 1000 563 1085; x_wconf 85' lang='lat' dir='ltr'><strong>enim</strong></span> <span class='ocrx_word' id='word_1_23' title='bbox 579 1026 749 1114; x_wconf 81' lang='lat' dir='ltr'><strong>semper</strong></span> <span class='ocrx_word' id='word_1_24' title='bbox 762 1002 967 1088; x_wconf 81' lang='lat' dir='ltr'><strong>reveritus</strong></span> <span class='ocrx_word' id='word_1_25' title='bbox 979 1017 1022 1090; x_wconf 89' lang='lat' dir='ltr'><strong>et</strong></span> <span class='ocrx_word' id='word_1_26' title='bbox 1032 985 1212 1088; x_wconf 81' lang='lat' dir='ltr'><strong>honora·</strong></span> 
     </span>
    </p>
   </div>
   <div class='ocr_carea' id='block_1_4' title="bbox 24 1157 1281 4144">
    <p class='ocr_par' dir='ltr' id='par_1_4' title="bbox 24 1157 1255 3349">
     <span class='ocr_line' id='line_1_6' title="bbox 143 1157 1213 1278; baseline 0.006 -33"><span class='ocrx_word' id='word_1_27' title='bbox 143 1178 235 1261; x_wconf 85' lang='lat' dir='ltr'><strong>tus,</strong></span> <span class='ocrx_word' id='word_1_28' title='bbox 256 1157 470 1277; x_wconf 81' lang='lat' dir='ltr'><strong>auellegia&#39;</strong></span> <span class='ocrx_word' id='word_1_29' title='bbox 485 1189 584 1251; x_wconf 84' lang='lat' dir='ltr'><strong>nou·</strong></span> <span class='ocrx_word' id='word_1_30' title='bbox 598 1161 834 1278; x_wconf 71' lang='lat' dir='ltr'><strong>neglectae,</strong></span> <span class='ocrx_word' id='word_1_31' title='bbox 855 1193 879 1248; x_wconf 94' lang='lat' dir='ltr'><strong>a</strong></span> <span class='ocrx_word' id='word_1_32' title='bbox 896 1163 1061 1250; x_wconf 79' lang='lat' dir='ltr'><strong>civibus</strong></span> <span class='ocrx_word' id='word_1_33' title='bbox 1077 1162 1213 1251; x_wconf 84' lang='lat' dir='ltr'><strong>cultus</strong></span> 
     </span>
     <span class='ocr_line' id='line_1_7' title="bbox 145 1311 1213 1437; baseline 0.005 -31"><span class='ocrx_word' id='word_1_34' title='bbox 145 1323 393 1409; x_wconf 82' lang='lat' dir='ltr'><strong>innumeras</strong></span> <span class='ocrx_word' id='word_1_35' title='bbox 417 1319 753 1436; x_wconf 82' lang='lat' dir='ltr'><strong>hicvoluptates</strong></span> <span class='ocrx_word' id='word_1_36' title='bbox 772 1311 890 1437; x_wconf 64' lang='lat' dir='ltr'><strong>cepi,</strong></span> <span class='ocrx_word' id='word_1_37' title='bbox 914 1323 1077 1410; x_wconf 73' lang='lat' dir='ltr'><strong>laboras</strong></span> <span class='ocrx_word' id='word_1_38' title='bbox 1099 1322 1213 1411; x_wconf 78' lang='lat' dir='ltr'><strong>schu</strong></span> 
     </span>
     <span class='ocr_line' id='line_1_8' title="bbox 142 1456 1214 1596; baseline 0.004 -30"><span class='ocrx_word' id='word_1_39' title='bbox 142 1456 317 1570; x_wconf 69' lang='lat' dir='ltr'><strong>lasticm</strong></span> <span class='ocrx_word' id='word_1_40' title='bbox 324 1507 469 1596; x_wconf 82' lang='lat' dir='ltr'><strong>aequo</strong></span> <span class='ocrx_word' id='word_1_41' title='bbox 491 1482 636 1568; x_wconf 87' lang='lat' dir='ltr'><strong>animo</strong></span> <span class='ocrx_word' id='word_1_42' title='bbox 662 1509 709 1566; x_wconf 81' lang='lat' dir='ltr'><strong>au</strong></span> <span class='ocrx_word' id='word_1_43' title='bbox 729 1479 928 1568; x_wconf 85' lang='lat' dir='ltr'><strong>lubenter</strong></span> <span class='ocrx_word' id='word_1_44' title='bbox 949 1483 1051 1586; x_wconf 88' lang='lat' dir='ltr'><strong>tuli,</strong></span> <span class='ocrx_word' id='word_1_45' title='bbox 1074 1485 1214 1570; x_wconf 88' lang='lat' dir='ltr'><strong>amici·</strong></span> 
     </span>
     <span class='ocr_line' id='line_1_9' title="bbox 144 1637 1214 1760; baseline 0.002 -34"><span class='ocrx_word' id='word_1_46' title='bbox 144 1642 462 1744; x_wconf 61' lang='lat' dir='ltr'><strong>tiascotrtmui,⁴</strong></span> <span class='ocrx_word' id='word_1_47' title='bbox 484 1643 736 1756; x_wconf 82' lang='lat' dir='ltr'><strong>coniugium</strong></span> <span class='ocrx_word' id='word_1_48' title='bbox 753 1637 991 1725; x_wconf 80' lang='lat' dir='ltr'><strong>conciliavi.</strong></span> <span class='ocrx_word' id='word_1_49' title='bbox 1041 1639 1144 1760; x_wconf 87' lang='lat' dir='ltr'><strong>Quo</strong></span> <span class='ocrx_word' id='word_1_50' title='bbox 1158 1643 1214 1728; x_wconf 82' lang='lat' dir='ltr'><strong>la·</strong></span> 
     </span>
     <span class='ocr_line' id='line_1_10' title="bbox 145 1780 1255 1917; baseline 0.002 -33"><span class='ocrx_word' id='word_1_51' title='bbox 145 1817 362 1904; x_wconf 82' lang='lat' dir='ltr'><strong>ctumeat,</strong></span> <span class='ocrx_word' id='word_1_52' title='bbox 389 1817 439 1886; x_wconf 92' lang='lat' dir='ltr'><strong>ut</strong></span> <span class='ocrx_word' id='word_1_53' title='bbox 453 1799 596 1886; x_wconf 82' lang='lat' dir='ltr'><strong>sedem</strong></span> <span class='ocrx_word' id='word_1_54' title='bbox 615 1801 685 1886; x_wconf 89' lang='lat' dir='ltr'><strong>hic</strong></span> <span class='ocrx_word' id='word_1_55' title='bbox 701 1799 832 1917; x_wconf 76' lang='lat' dir='ltr'><strong>figere</strong></span> <span class='ocrx_word' id='word_1_56' title='bbox 848 1815 1102 1913; x_wconf 79' lang='lat' dir='ltr'><strong>perpetuam</strong></span> <span class='ocrx_word' id='word_1_57' title='bbox 1118 1829 1215 1888; x_wconf 87' lang='lat' dir='ltr'><strong>con·</strong></span> <span class='ocrx_word' id='word_1_58' title='bbox 1250 1780 1255 1786; x_wconf 37' lang='lat'><strong>⁴</strong></span> 
     </span>
     <span class='ocr_line' id='line_1_11' title="bbox 145 1955 1238 2075; baseline 0 -29"><span class='ocrx_word' id='word_1_59' title='bbox 145 1959 382 2060; x_wconf 82' lang='lat' dir='ltr'><strong>stituerem,</strong></span> <span class='ocrx_word' id='word_1_60' title='bbox 405 1963 651 2073; x_wconf 83' lang='lat' dir='ltr'><strong>praesertim</strong></span> <span class='ocrx_word' id='word_1_61' title='bbox 671 1986 805 2075; x_wconf 89' lang='lat' dir='ltr'><strong>quum</strong></span> <span class='ocrx_word' id='word_1_62' title='bbox 824 1955 943 2044; x_wconf 88' lang='lat' dir='ltr'><strong>locus</strong></span> <span class='ocrx_word' id='word_1_63' title='bbox 966 1959 1061 2072; x_wconf 82' lang='lat' dir='ltr'><strong>ipse</strong></span> <span class='ocrx_word' id='word_1_64' title='bbox 1085 1989 1108 2042; x_wconf 89' lang='lat' dir='ltr'><strong>a</strong></span> <span class='ocrx_word' id='word_1_65' title='bbox 1132 1987 1238 2046; x_wconf 75' lang='lat' dir='ltr'><strong>ma.</strong></span> 
     </span>
     <span class='ocr_line' id='line_1_12' title="bbox 146 2103 1213 2237; baseline 0.002 -35"><span class='ocrx_word' id='word_1_66' title='bbox 146 2141 241 2237; x_wconf 74' lang='lat' dir='ltr'><strong>guo</strong></span> <span class='ocrx_word' id='word_1_67' title='bbox 254 2103 478 2204; x_wconf 87' lang='lat' dir='ltr'><strong>hominum</strong></span> <span class='ocrx_word' id='word_1_68' title='bbox 494 2120 683 2204; x_wconf 81' lang='lat' dir='ltr'>tumultu</span> <span class='ocrx_word' id='word_1_69' title='bbox 695 2148 865 2220; x_wconf 75' lang='lat' dir='ltr'><strong>vacum,</strong></span> <span class='ocrx_word' id='word_1_70' title='bbox 883 2120 1002 2236; x_wconf 80' lang='lat' dir='ltr'><strong>regio</strong></span> <span class='ocrx_word' id='word_1_71' title='bbox 1012 2109 1213 2206; x_wconf 85' lang='lat' dir='ltr'><strong>auteniea</strong></span> 
     </span>
     <span class='ocr_line' id='line_1_13' title="bbox 24 2271 1214 2394; baseline -0.003 -27"><span class='ocrx_word' id='word_1_72' title='bbox 24 2271 26 2298; x_wconf 73' lang='lat'><em>&#39;</em></span> <span class='ocrx_word' id='word_1_73' title='bbox 145 2279 216 2379; x_wconf 81' lang='lat' dir='ltr'><strong>sit,</strong></span> <span class='ocrx_word' id='word_1_74' title='bbox 233 2301 344 2393; x_wconf 83' lang='lat' dir='ltr'><strong>quae</strong></span> <span class='ocrx_word' id='word_1_75' title='bbox 360 2278 414 2363; x_wconf 91' lang='lat' dir='ltr'><strong>ab</strong></span> <span class='ocrx_word' id='word_1_76' title='bbox 423 2281 637 2381; x_wconf 73' lang='lat' dir='ltr'><strong>omnibuS,</strong></span> <span class='ocrx_word' id='word_1_77' title='bbox 654 2280 730 2394; x_wconf 91' lang='lat' dir='ltr'><strong>qui</strong></span> <span class='ocrx_word' id='word_1_78' title='bbox 746 2309 841 2364; x_wconf 88' lang='lat' dir='ltr'><strong>eam</strong></span> <span class='ocrx_word' id='word_1_79' title='bbox 850 2276 1063 2379; x_wconf 87' lang='lat' dir='ltr'><strong>viderunt,</strong></span> <span class='ocrx_word' id='word_1_80' title='bbox 1080 2307 1214 2370; x_wconf 74' lang='lat' dir='ltr'><strong>atnoe</strong></span> 
     </span>
     <span class='ocr_line' id='line_1_14' title="bbox 145 2434 1211 2550; baseline -0.004 -26"><span class='ocrx_word' id='word_1_81' title='bbox 145 2438 322 2524; x_wconf 83' lang='lat' dir='ltr'><strong>nissima</strong></span> <span class='ocrx_word' id='word_1_82' title='bbox 336 2437 551 2524; x_wconf 80' lang='lat' dir='ltr'><strong>habeatur.</strong></span> <span class='ocrx_word' id='word_1_83' title='bbox 581 2437 708 2524; x_wconf 90' lang='lat' dir='ltr'><strong>Hanc</strong></span> <span class='ocrx_word' id='word_1_84' title='bbox 721 2434 864 2534; x_wconf 80' lang='lat' dir='ltr'><strong>sedem</strong></span> <span class='ocrx_word' id='word_1_85' title='bbox 878 2435 1099 2550; x_wconf 82' lang='lat' dir='ltr'><strong>tranquilli</strong></span> <span class='ocrx_word' id='word_1_86' title='bbox 1118 2438 1211 2537; x_wconf 83' lang='lat' dir='ltr'><strong>otii,</strong></span> 
     </span>
     <span class='ocr_line' id='line_1_15' title="bbox 146 2594 1219 2712; baseline 0.003 -30"><span class='ocrx_word' id='word_1_87' title='bbox 146 2627 239 2712; x_wconf 89' lang='lat' dir='ltr'><strong>quo</strong></span> <span class='ocrx_word' id='word_1_88' title='bbox 255 2598 438 2711; x_wconf 86' lang='lat' dir='ltr'><strong>optime,</strong></span> <span class='ocrx_word' id='word_1_89' title='bbox 454 2599 615 2699; x_wconf 76' lang='lat' dir='ltr'><strong>urscia,</strong></span> <span class='ocrx_word' id='word_1_90' title='bbox 631 2626 732 2686; x_wconf 82' lang='lat' dir='ltr'><strong>usus</strong></span> <span class='ocrx_word' id='word_1_91' title='bbox 748 2626 862 2698; x_wconf 91' lang='lat' dir='ltr'><strong>sum,</strong></span> <span class='ocrx_word' id='word_1_92' title='bbox 880 2595 988 2682; x_wconf 88' lang='lat' dir='ltr'><strong>Tibi</strong></span> <span class='ocrx_word' id='word_1_93' title='bbox 1002 2596 1131 2685; x_wconf 80' lang='lat' dir='ltr'><strong>unice</strong></span> <span class='ocrx_word' id='word_1_94' title='bbox 1146 2594 1219 2685; x_wconf 88' lang='lat' dir='ltr'><strong>de·</strong></span> 
     </span>
     <span class='ocr_line' id='line_1_16' title="bbox 146 2755 1212 2872; baseline 0.006 -32"><span class='ocrx_word' id='word_1_95' title='bbox 146 2757 250 2856; x_wconf 86' lang='lat' dir='ltr'><strong>be0‚</strong></span> <span class='ocrx_word' id='word_1_96' title='bbox 273 2755 357 2840; x_wconf 78' lang='lat' dir='ltr'><strong>¹Vir</strong></span> <span class='ocrx_word' id='word_1_97' title='bbox 379 2757 599 2841; x_wconf 84' lang='lat' dir='ltr'><strong>carissime.</strong></span> <span class='ocrx_word' id='word_1_98' title='bbox 665 2757 767 2872; x_wconf 89' lang='lat' dir='ltr'><strong>Quo</strong></span> <span class='ocrx_word' id='word_1_99' title='bbox 788 2775 932 2844; x_wconf 86' lang='lat' dir='ltr'><strong>autem</strong></span> <span class='ocrx_word' id='word_1_100' title='bbox 958 2783 1102 2844; x_wconf 87' lang='lat' dir='ltr'><strong>amore</strong></span> <span class='ocrx_word' id='word_1_101' title='bbox 1125 2758 1212 2846; x_wconf 85' lang='lat' dir='ltr'><strong>iam</strong></span> 
     </span>
     <span class='ocr_line' id='line_1_17' title="bbox 146 2914 1212 3032; baseline 0.005 -32"><span class='ocrx_word' id='word_1_102' title='bbox 146 2933 247 3000; x_wconf 76' lang='lat' dir='ltr'><strong>aute</strong></span> <span class='ocrx_word' id='word_1_103' title='bbox 262 2914 543 3032; x_wconf 82' lang='lat' dir='ltr'><strong>quadraginta</strong></span> <span class='ocrx_word' id='word_1_104' title='bbox 568 2941 704 2996; x_wconf 87' lang='lat' dir='ltr'><strong>aunos</strong></span> <span class='ocrx_word' id='word_1_105' title='bbox 717 2941 787 2996; x_wconf 85' lang='lat' dir='ltr'><strong>me</strong></span> <span class='ocrx_word' id='word_1_106' title='bbox 804 2914 1055 3025; x_wconf 84' lang='lat' dir='ltr'><strong>complexus</strong></span> <span class='ocrx_word' id='word_1_107' title='bbox 1069 2946 1132 3017; x_wconf 75' lang='lat' dir='ltr'><strong>ee,</strong></span> <span class='ocrx_word' id='word_1_108' title='bbox 1147 2945 1212 3004; x_wconf 76' lang='lat' dir='ltr'><strong>eu</strong></span> 
     </span>
     <span class='ocr_line' id='line_1_18' title="bbox 146 3069 1211 3188; baseline 0.006 -30"><span class='ocrx_word' id='word_1_109' title='bbox 146 3073 246 3158; x_wconf 86' lang='lat' dir='ltr'><strong>dem</strong></span> <span class='ocrx_word' id='word_1_110' title='bbox 271 3104 341 3160; x_wconf 88' lang='lat' dir='ltr'><strong>me</strong></span> <span class='ocrx_word' id='word_1_111' title='bbox 363 3073 562 3188; x_wconf 83' lang='lat' dir='ltr'><strong>amplecti</strong></span> <span class='ocrx_word' id='word_1_112' title='bbox 583 3069 1016 3186; x_wconf 75' lang='lat' dir='ltr'><strong>numquamdeeiisti.</strong></span> <span class='ocrx_word' id='word_1_113' title='bbox 1072 3075 1211 3164; x_wconf 91' lang='lat' dir='ltr'><strong>Publi-</strong></span> 
     </span>
     <span class='ocr_line' id='line_1_19' title="bbox 147 3231 1210 3349; baseline 0.004 -31"><span class='ocrx_word' id='word_1_114' title='bbox 147 3257 245 3318; x_wconf 83' lang='lat' dir='ltr'><strong>aum</strong></span> <span class='ocrx_word' id='word_1_115' title='bbox 264 3259 375 3349; x_wconf 83' lang='lat' dir='ltr'><strong>ergo</strong></span> <span class='ocrx_word' id='word_1_116' title='bbox 396 3231 479 3320; x_wconf 90' lang='lat' dir='ltr'><strong>hoc</strong></span> <span class='ocrx_word' id='word_1_117' title='bbox 502 3234 558 3318; x_wconf 82' lang='lat' dir='ltr'><strong>sit</strong></span> <span class='ocrx_word' id='word_1_118' title='bbox 581 3263 692 3346; x_wconf 82' lang='lat' dir='ltr'>opus</span> <span class='ocrx_word' id='word_1_119' title='bbox 712 3250 1044 3318; x_wconf 85' lang='lat' dir='ltr'><strong>mouumentum</strong></span> <span class='ocrx_word' id='word_1_120' title='bbox 1068 3239 1210 3322; x_wconf 88' lang='lat' dir='ltr'><strong>mutui</strong></span> 
     </span>
    </p>

    <p class='ocr_par' dir='ltr' id='par_1_5' title="bbox 27 3393 1281 4144">
     <span class='ocr_line' id='line_1_20' title="bbox 147 3393 1209 3497; baseline 0.006 -20"><span class='ocrx_word' id='word_1_121' title='bbox 147 3393 233 3477; x_wconf 81' lang='lat' dir='ltr'><strong>urei</strong></span> <span class='ocrx_word' id='word_1_122' title='bbox 246 3393 406 3478; x_wconf 80' lang='lat' dir='ltr'><strong>summi</strong></span> <span class='ocrx_word' id='word_1_123' title='bbox 418 3393 468 3480; x_wconf 84' lang='lat' dir='ltr'><strong>iu</strong></span> <span class='ocrx_word' id='word_1_124' title='bbox 484 3395 553 3482; x_wconf 81' lang='lat' dir='ltr'><strong>Ta</strong></span> <span class='ocrx_word' id='word_1_125' title='bbox 569 3395 741 3493; x_wconf 78' lang='lat' dir='ltr'><strong>amris,</strong></span> <span class='ocrx_word' id='word_1_126' title='bbox 772 3417 893 3481; x_wconf 81' lang='lat' dir='ltr'><strong>meae</strong></span> <span class='ocrx_word' id='word_1_127' title='bbox 910 3394 1209 3497; x_wconf 78' lang='lat' dir='ltr'><strong>venerationis,</strong></span> 
     </span>
     <span class='ocr_line' id='line_1_21' title="bbox 27 3513 1210 3668; baseline 0.002 -29"><span class='ocrx_word' id='word_1_128' title='bbox 27 3513 30 3530; x_wconf 30' lang='lat'><strong><em>³</em></strong></span> <span class='ocrx_word' id='word_1_129' title='bbox 145 3553 232 3640; x_wconf 87' lang='lat' dir='ltr'><strong>mei</strong></span> <span class='ocrx_word' id='word_1_130' title='bbox 250 3551 549 3668; x_wconf 78' lang='lat' dir='ltr'><strong>gratianimil·</strong></span> <span class='ocrx_word' id='word_1_131' title='bbox 567 3553 738 3665; x_wconf 86' lang='lat' dir='ltr'><strong>Accipe·</strong></span> <span class='ocrx_word' id='word_1_132' title='bbox 749 3548 858 3636; x_wconf 88' lang='lat' dir='ltr'><strong>illud</strong></span> <span class='ocrx_word' id='word_1_133' title='bbox 877 3579 1014 3664; x_wconf 87' lang='lat' dir='ltr'><strong>aequo</strong></span> <span class='ocrx_word' id='word_1_134' title='bbox 1031 3569 1072 3637; x_wconf 86' lang='lat' dir='ltr'><strong>et</strong></span> <span class='ocrx_word' id='word_1_135' title='bbox 1087 3552 1210 3641; x_wconf 87' lang='lat' dir='ltr'><strong>bene-</strong></span> 
     </span>
     <span class='ocr_line' id='line_1_22' title="bbox 148 3677 1211 3826; baseline 0.006 -32"><span class='ocrx_word' id='word_1_136' title='bbox 148 3709 249 3796; x_wconf 86' lang='lat' dir='ltr'><strong>volo</strong></span> <span class='ocrx_word' id='word_1_137' title='bbox 270 3712 439 3811; x_wconf 86' lang='lat' dir='ltr'><strong>animo,</strong></span> <span class='ocrx_word' id='word_1_138' title='bbox 468 3737 725 3824; x_wconf 80' lang='lat' dir='ltr'><strong>mecumque</strong></span> <span class='ocrx_word' id='word_1_139' title='bbox 748 3735 899 3796; x_wconf 85' lang='lat' dir='ltr'><strong>verum</strong></span> <span class='ocrx_word' id='word_1_140' title='bbox 917 3677 1062 3810; x_wconf 76' lang='lat' dir='ltr'><strong>eenee,</strong></span> <span class='ocrx_word' id='word_1_141' title='bbox 1091 3712 1211 3826; x_wconf 86' lang='lat' dir='ltr'><strong>quod</strong></span> 
     </span>
     <span class='ocr_line' id='line_1_23' title="bbox 147 3863 1281 3985; baseline 0.007 -31"><span class='ocrx_word' id='word_1_142' title='bbox 147 3871 206 3954; x_wconf 87' lang='lat' dir='ltr'><strong>ait</strong></span> <span class='ocrx_word' id='word_1_143' title='bbox 221 3867 385 3970; x_wconf 84' lang='lat' dir='ltr'><strong>Cicero,</strong></span> <span class='ocrx_word' id='word_1_144' title='bbox 403 3863 851 3985; x_wconf 63' lang='lat' dir='ltr'><strong>v&#39;eterrimacqueaque</strong></span> <span class='ocrx_word' id='word_1_145' title='bbox 864 3867 1084 3970; x_wconf 58' lang='lat' dir='ltr'><strong>unicium</strong></span> <span class='ocrx_word' id='word_1_146' title='bbox 1099 3890 1221 3962; x_wconf 83' lang='lat' dir='ltr'><strong>utea-</strong></span> <span class='ocrx_word' id='word_1_147' title='bbox 1277 3873 1281 3882; x_wconf 83' lang='grc'><strong>’</strong></span> 
     </span>
     <span class='ocr_line' id='line_1_24' title="bbox 146 4025 1218 4144; baseline 0.008 -32"><span class='ocrx_word' id='word_1_148' title='bbox 146 4029 268 4130; x_wconf 88' lang='lat' dir='ltr'><strong>vina,</strong></span> <span class='ocrx_word' id='word_1_149' title='bbox 283 4056 393 4144; x_wconf 85' lang='lat' dir='ltr'><strong>quae</strong></span> <span class='ocrx_word' id='word_1_150' title='bbox 414 4046 668 4116; x_wconf 81' lang='lat' dir='ltr'><strong>vetustatem</strong></span> <span class='ocrx_word' id='word_1_151' title='bbox 682 4029 841 4129; x_wconf 80' lang='lat' dir='ltr'><strong>ferant,</strong></span> <span class='ocrx_word' id='word_1_152' title='bbox 859 4055 946 4114; x_wconf 77' lang='lat' dir='ltr'><strong>esec</strong></span> <span class='ocrx_word' id='word_1_153' title='bbox 958 4025 1218 4120; x_wconf 74' lang='lat' dir='ltr'><strong>deberent).-</strong></span> 
     </span>
    </p>
   </div>
   <div class='ocr_carea' id='block_1_5' title="bbox 0 0 1446 4826">
    <p class='ocr_par' dir='ltr' id='par_1_6' title="bbox 0 0 1446 4826">
     <span class='ocr_line' id='line_1_25' title="bbox 0 0 1446 4826; baseline 0 0"><span class='ocrx_word' id='word_1_154' title='bbox 0 0 1446 4826; x_wconf 95' lang='lat' dir='ltr'><strong> </strong></span> 
     </span>
    </p>
   </div>
  </div>
 </body>
</html>
