2876 4826
191 301 255 354 ΧΠ

191 503 331 566 nondum
353 504 495 580 terami,
518 525 577 566 nec
600 525 747 586 umquam
768 504 921 578 servabo,
944 505 1135 584 praesertim
1153 526 1254 587 »quum

191 636 356 696 maximam
375 646 502 716 partem
523 653 653 711 corum,
682 655 763 717 quae
786 633 953 694 alienanda
975 647 1086 712 erant,
1108 635 1252 718 Gierigii

191 764 330 826 editoris
352 767 520 828 Fastorum
543 764 658 844 optimi
681 764 850 845 diligentia
878 736 974 846 atque
996 764 1146 828 doctrina
1167 785 1253 826 nunc

192 897 253 956 iam
272 893 509 980 praempucrit.
551 895 680 956 Etenim
707 882 892 978 hocopus,
924 894 977 956 cui
997 894 1078 972 hane
1098 895 1253 977 praemisi

190 1025 444 1110 praefationem,
465 1023 548 1088 nihil
569 1024 635 1086 tale
656 1036 821 1107 praestat,
844 1023 995 1106 quum'in
1017 1045 1109 1094 usum
1130 1027 1255 1114 schola-

190 1177 262 1218 rum
284 1169 317 1216 et
344 1155 539 1216 inferiorum
567 1167 600 1216 ct
626 1155 831 1237 superiorum
853 1153 975 1216 editum
997 1154 1057 1214 ait:
1088 1155 1174 1237 quod
1195 1155 1253 1216 mi-

191 1307 263 1348 rum
290 1287 439 1348 sortasse
455 1284 620 1347 videbitur
647 1287 772 1362 multia,
805 1287 861 1367 qui
889 1283 1129 1368 grammaticam
1150 1297 1184 1346 et
1205 1285 1253 1344 hi·

192 1415 342 1478 storicam
369 1416 675 1500 interpretationem
702 1434 837 1496 eamque
866 1415 1055 1477 uberiorem
1076 1415 1255 1478 editionum

191 1548 303 1640 talium
324 1546 420 1608 linem
441 1558 538 1628 atque
560 1511 729 1608 consilinm
750 1564 820 1606 esse
841 1546 1027 1628 opinantur.

198 1715 200 1719 ,
271 1679 418 1740 Nondum
439 1675 525 1738 inter
552 1695 585 1738 se
608 1676 837 1754 consentiunt,
868 1677 924 1760 qui
946 1678 1143 1760 exemplaria
1164 1692 1254 1742 rete·

191 1828 264 1871 rum
292 1788 494 1889 scriptorum*
515 1806 550 1865 in
578 1825 671 1868 usum
697 1805 880 1868 scholarum
909 1820 1039 1885 curant,
1074 1829 1149 1869 num
1178 1809 1256 1890 quid

191 1949 326 2020 praeter
353 1937 548 2020 scriptorum
569 1935 670 1998 rerba
698 1933 877 1996 addendum
905 1936 964 2012 sit,
994 1957 1054 1998 nec
1075 1957 1128 1998 ne.
1170 1940 1255 1998 Non·

144 2095 148 2108 ·
192 2069 274 2134 nulli
297 2067 382 2134 enim
404 2065 493 2148 iique
515 2065 649 2148 plurimi
670 2078 813 2158 textum,
830 2087 925 2147 quem
949 2080 1078 2144 vocant,
1101 2068 1168 2129 sine
1192 2067 1256 2132 ulla

193 2217 331 2280 prorsus
353 2198 558 2258 annotatione
580 2195 656 2256 huic
678 2196 751 2256 usui
769 2195 921 2256 sufficere
941 2209 1089 2272 censent3
1111 2197 1166 2256 alii
1188 2210 1254 2258 tex·
1276 2259 1280 2266 ,

194 2315 251 2388 tui
264 2326 411 2388 comitem
433 2327 553 2388 addunt
575 2323 811 2386 annotationem
833 2323 998 2402 enititum,
1021 2326 1256 2406 grammaticam

193 2470 228 2519 et
248 2457 429 2520 historicam
451 2470 507 2518 aut
527 2457 660 2521 brevem
679 2468 734 2522 aut
752 2457 876 2534 longam
888 2458 931 2538 ³).
960 2459 1008 2518 Ex
1030 2455 1085 2516 his·
1100 2456 1177 2514 mihi
1193 2455 1257 2528 illa

1163 2622 1257 2638 m

242 2745 271 2811 ³)
288 2744 442 2798 Saeculum
452 2753 586 2794 nostrum
596 2741 809 2796 serenissimum
822 2753 866 2796 est
878 2742 979 2794 talium
989 2743 1163 2805 editionum,
1178 2758 1253 2812 quae

194 2837 304 2890 multae
313 2854 347 2888 ex
358 2835 775 2906 typographialllanhcmiana,
789 2836 927 2899 Halensi,
941 2835 1258 2902 Tauehnitiarra‚Wei·

195 2930 328 3000 gelinna,
345 2928 497 2980 Halrniana
512 2938 541 2980 ct
555 2928 762 2985 Teubneriana
775 2929 935 3000 prodeunt.
970 2927 1013 2979 De
1030 2927 1202 2997 principatu
1214 2926 1258 2977 bi·

195 3022 347 3092 bliopolae
362 3022 441 3074 inter
460 3039 491 3074 se
510 3031 644 3085 certant,
673 3037 769 3090 neque
790 3031 885 3072 tamen
904 3036 1039 3090 umquam
1055 3019 1181 3070 laudabo
1197 3035 1258 3081 aaa,

196 3131 270 3187 quae
281 3114 394 3186 litteris
407 3113 580 3167 minusculis
594 3131 626 3164 ac
637 3113 771 3164 uersibus
784 3113 848 3164 sinc
860 3113 925 3164 ullo
939 3112 1003 3162 sere
1016 3111 1112 3180 spatio
1127 3121 1258 3164 coarcta·
1305 3175 1307 3180 Ι

197 3209 236 3260 tis
254 3217 365 3258 textmn
385 3205 565 3276 scriptorum
580 3203 622 3256 ita
636 3204 781 3266 reddunt,
801 3213 833 3256 ut
854 3203 1009 3255 oculorum
1024 3203 1147 3256 lectoris
1167 3203 1260 3256 aciem

197 3297 363 3351 obtundant
383 3308 411 3349 ct
428 3306 619 3365 corrumpant
627 3315 636 3364 3
662 3315 721 3348 non
741 3313 805 3360 eas,
827 3313 901 3368 quiae
918 3295 1183 3348 emendatissimum
1195 3297 1259 3366 qui-

198 3388 1258 3460 demahhominihusduetissintismnl'tiaaemulationibuspraegravant3

200 3501 260 3538 non
270 3500 330 3544 eas,
342 3499 416 3553 quae
427 3491 477 3534 arrt
487 3481 600 3533 mendis
612 3498 769 3552 operarum
779 3482 1022 3552 corruptissinme
1033 3493 1112 3558 sum,
1125 3493 1174 3534 aut
1183 3481 1260 3533 nrnlo

199 3579 318 3634 chartae
329 3575 433 3628 habitu
441 3576 671 3645 litterarumque
684 3575 779 3627 forma
789 3575 1005 3630 deformantur.
1034 3570 1111 3653 Quid
1121 3573 1151 3627 in
1165 3575 1217 3626 hae
1228 3593 1260 3627 re

198 3668 395 3740 typographia
408 3665 526 3721 librarii
538 3666 595 3718 mei
608 3667 809 3719 honestissimi
822 3667 1026 3738 praestiterit,
1043 3669 1098 3720 hoc
1111 3669 1260 3737 specimen

199 3773 276 3816 esto.
313 3761 452 3812 Ceterum
468 3775 527 3810 non
546 3757 652 3816 inutile
668 3761 760 3812 luerit
776 3760 929 3812 historiam
946 3761 1049 3814 talium
1065 3761 1228 3812 editionum
1244 3777 1260 3812 a

198 3855 304 3928 primis
318 3852 531 3924 typographiae
544 3853 629 3906 annis
641 3870 734 3923 usque
745 3853 780 3904 ad
790 3863 893 3905 nostra
903 3850 1036 3924 ternpore
1047 3841 1216 3926 pertexere,
1231 3853 1261 3906 in

199 3962 293 4016 eaque
310 3947 429 3998 maxime
445 3945 592 3997 rationem
605 3949 715 4000 variam
731 3963 765 3998 ac
780 3963 866 4016 saepe
884 3945 1043 4013 diversam,
1065 3963 1150 4018 quam
1165 3945 1260 4016 secuti

199 4048 270 4095 rent
282 4037 586 4104 editores,.aeeurate
600 4055 759 4112 exponere.
1197 4027 1199 4035 ⁴
