2914 4836
235 282 296 342 ‘210
579 269 615 326 Ρ.
640 266 778 334 OVlDIl
799 265 976 328 NASONIS

244 458 298 519 115
321 457 397 516 Nais
422 451 607 526 Amalthea,
631 448 770 510 Cretaea
791 446 913 508 nobilis
935 445 1002 506 Ida.

362 559 495 620 Dicitur
517 558 552 616 in
576 554 667 618 silvis
689 555 870 616 occuluisse
893 553 1026 617 lovem'

320 666 408 729 Huic
431 665 497 726 luit
518 661 698 723 haedorum
719 673 825 722 meter
846 661 991 721 formose
1013 656 1165 737 duorum,

363 778 454 834 Inter
477 771 633 832 Dictaeos
656 767 885 850 conspiciende
907 785 1038 850 greges,

324 879 489 944 Cornibus
513 876 612 938 ebriis
633 885 731 956 atque
754 875 788 934 in
810 892 866 949 sua
886 885 982 955 terga
1004 875 1167 952 recurvis,

245 1010 300 1053 mo
362 987 493 1060 Ubere,
517 982 605 1067 quod
626 975 737 1044 nutrix
758 992 873 1062 posset
893 980 1014 1042 habere
1038 982 1136 1046 lovis.

325 1098 391 1156 Lac
420 1093 516 1154 dabat
545 1092 601 1152 illa
630 1090 703 1152 dec.
754 1087 821 1148 Sed
856 1087 962 1169 fregit
988 1087 1022 1148 in
1051 1088 1171 1150 arbore
1200 1110 1322 1152 cornu:

365 1205 563 1281 Truncaque
586 1195 720 1258 dimidia
741 1207 837 1276 parte
861 1194 992 1258 decoris
1015 1206 1098 1256 eret.

327 1308 465 1370 Sustulit
492 1308 552 1370 hcc
583 1302 746 1386 Nymphe,
781 1301 948 1384 cinxitque
976 1302 1169 1364 recentibus
1197 1303 1321 1381 herbis,

367 1417 410 1474 Et
428 1415 565 1496 plenum
585 1414 692 1494 pomis
715 1410 756 1472 ad
777 1409 863 1476 lovis
886 1430 944 1470 ore
965 1408 1055 1470 tulit.

248 1525 304 1587 125
327 1522 404 1597 Ille,
427 1520 485 1580 ubi
507 1539 562 1580 res
586 1519 673 1580 coeli
695 1517 821 1594 tenuit,
845 1516 995 1596 solioque
1017 1528 1157 1598 paterno

368 1627 482 1704 Sedit,
506 1641 539 1688 et
561 1625 687 1689 invicto
708 1624 756 1684 nil
779 1627 854 1686 love
877 1623 981 1684 maius
1003 1633 1088 1698 erat,

327 1737 444 1796 Sidera
466 1733 649 1805 nutricem,
672 1730 815 1792 nutricis
837 1730 952 1790 fertile
975 1749 1079 1790 cornu

369 1844 484 1919 Fecit3
515 1843 603 1922 quod
633 1838 781 1898 dominae
809 1857 894 1896 nunc
915 1854 1045 1917 quoquc
1074 1855 1188 1898 nomen
1214 1835 1323 1898 habet.

329 1946 551 2007 Praestitibus
572 1946 676 2006 Maiae
698 1942 839 2004 Laribus
862 1941 977 2006 ridere
1001 1941 1166 2004 Kalendae
1308 1943 1313 1950 ”

251 2054 308 2118 130
370 2055 468 2113 Aram
491 2051 666 2130 constitui,
691 2050 846 2132 signaque
869 2070 970 2131 parva
993 2049 1099 2114 desim.

250 2310 437 2380 ὑποθεῖναι,
456 2303 514 2377 τὴν
534 2301 567 2366 δὲ
579 2301 728 2388 ἐκθρέψαι
738 2302 808 2364 Δία.
838 2312 963 2370 Pluriole.
983 2309 1071 2381 Virg.
1085 2309 1121 2363 A.
1132 2309 1181 2375 lx,
1191 2309 1252 2364 668.
1268 2312 1328 2377 plu-

249 2414 354 2468 cialibus
364 2411 470 2473 Hoedis,
487 2407 523 2459 cd
540 2423 628 2478 quem
644 2409 704 2459 loe.
722 2405 861 2460 Servius:
880 2409 962 2473 Supra
974 2407 1055 2455 Tauri
1068 2423 1158 2455 cornua
1173 2415 1209 2454 est
1219 2405 1330 2474 signum,

249 2509 292 2558 cui
294 2507 400 2575 Auriga
408 2522 493 2554 nomen
502 2513 548 2560 est,
562 2504 663 2554 Retinet
671 2513 753 2558 autem
759 2502 844 2552 stellas
849 2502 914 2552 duas
922 2503 947 2551 in
958 2500 1331 2565 manu,quaeHoediroountur,

248 2611 272 2651 et
282 2619 382 2668 coprem
399 2627 426 2638 —
443 2615 549 2665 quarum
559 2607 583 2647 et
592 2607 660 2647 ortus
669 2607 691 2646 et
701 2613 803 2646 occasus
810 2591 972 2664 gravissimas
984 2603 1137 2660 tempestates
1138 2592 1257 2660 sariunt,

322 2691 382 2749 115.
398 2690 466 2742 Duc
480 2699 546 2762 opt.
557 2690 660 2752 Cretqea
668 2699 700 2752 et,
715 2705 769 2740 un.
780 2703 814 2738 ex
828 2697 892 2757 opt.
904 2687 1063 2754 cretamque.
1081 2686 1123 2738 Hs
1134 2701 1209 2743 mcv.
1220 2687 1332 2738 Creteide

249 2783 436 2839 vchuretide.
452 2813 486 2823 —
503 2781 563 2838 Un.
579 2783 635 2838 nob.
650 2801 704 2838 oro.
743 2779 940 2848 117.Duoex
956 2781 1026 2833 mel.
1039 2781 1154 2850 fhmosa,
1193 2797 1253 2850 ¹¹9·
1272 2779 1329 2836 Un.

250 2879 361 2931 reversis.
414 2893 472 2935 120,
500 2876 576 2928 Tres
595 2876 688 2942 possit,
714 2889 767 2927 un.
785 2875 869 2938 debet,
897 2889 959 2927 non
976 2873 1097 2944 inepte,
1128 2873 1212 2926 addit
1227 2872 1329 2924 Burm.

254 2987 314 3026 121.
335 2970 437 3023 Umex
451 2971 647 3040 cpt.deditilla
657 2969 815 3038 Iovi,qnat.
827 2969 892 3034 ipsa.
930 2983 987 3024 ron.
1005 2967 1063 3024 Un,
1079 2984 1113 3019 ox
1123 2977 1188 3039 opt.
1185 2968 1219 3036 f.
1229 2957 1332 3017 Recta·

252 3082 308 3130 que.
352 3063 411 3119 123.
430 3062 557 3128 Plurimi
571 3063 708 3126 cinxitque,
725 3059 807 3129 quod
821 3060 963 3118 restitui,
983 3077 1060 3113 unns
1080 3071 1196 3114 tantum
1213 3078 1246 3113 ex
1260 3060 1330 3114 mel.

254 3157 423 3222 cinctumque,
445 3152 526 3224 quod
537 3151 579 3204 Hs
594 3170 655 3205 rec.
676 3181 708 3192 -·
723 3151 798 3204 Tres
811 3163 876 3223 opt.
890 3151 1046 3224 plurimiq.
1062 3153 1101 3208 cl.
1115 3156 1254 3218 decoribus,
1269 3169 1332 3204 non

254 3246 343 3311 male,
357 3245 409 3298 alii
423 3247 571 3309 decentibus,
586 3244 637 3296 alii
652 3245 795 3308 virentibus,
807 3246 912 3315 quinq.
927 3255 990 3315 opt.
1005 3255 1034 3298 ct
1047 3247 1172 3306 dundee.
1184 3245 1221 3306 el.
1234 3249 1334 3298 recenli-

254 3343 310 3405 bus,
321 3340 401 3409 quod
414 3356 476 3392 rec.
490 3337 543 3394 Hs.
561 3369 595 3379 -
612 3337 656 3390 Dc
672 3358 746 3408 cornu
759 3337 941 3410 Apollodor.
960 3339 1004 3404 11,
1016 3356 1044 3408 7,
1058 3341 1085 3398 5.
1107 3331 1284 3412 Ἀμάλθεια
1296 3329 1334 3404 ἦν

254 3426 407 3506 Αἱμονίου
419 3423 571 3510 θυγάτηρ,
588 3419 702 3511 viceour
717 3423 780 3507 εἶχε
792 3427 928 3511 ταύρου·
945 3434 1046 3487 τοῦτο
1057 3426 1099 3503 δὲ,
1117 3433 1155 3502 ὡς
1168 3429 1334 3512 Φερεκύδης

256 3520 351 3606 λέγει,
369 3523 502 3604 &cracov
513 3521 719 3609 ἔχειταύτην,
738 3519 812 3582 (icis
824 3520 974 3609 βρωτὸνῆ
990 3527 1103 3601 ποτὸν,
1123 3520 1334 3611 &consiliasse

257 3637 322 3688 τις,
341 3613 487 3701 παρέχειν
498 3612 657 3700 ἄφθονον.
699 3626 757 3681 125.
775 3625 833 3684 Un.
852 3635 962 3696 exopt.
980 3649 1022 3679 ree
1033 3630 1141 3693 coelum,
1162 3637 1276 3698 septem
1293 3647 1337 3679 rex

258 3717 327 3772 coeli.
350 3717 391 3769 Hc
408 3717 487 3776 coni.
501 3738 543 3769 ree
553 3739 644 3774 rernm.
690 3720 746 3776 126.
767 3719 866 3788 Ipsum
879 3720 1053 3791 Apollinem
1065 3728 1171 3772 nostor
1185 3719 1226 3773 M.
1238 3719 1278 3784 11,
1290 3719 1333 3771 60.

259 3810 433 3880 loquentem
443 3812 535 3868 facite
557 3815 629 3882 Quid
635 3815 693 3864 Ioue
705 3813 787 3863 maius
799 3813 939 3866 habemus?
957 3815 1066 3868 Horat.
1078 3813 1134 3872 Od.
1147 3813 1172 3878 I,
1186 3829 1228 3879 η,
1241 3831 1282 3884 17.
1299 3813 1335 3865 de

259 3900 345 3954 love:
370 3905 442 3956 Unde
453 3907 489 3956 nil
500 3909 582 3958 maius
591 3919 723 3977 generatur
738 3909 803 3974 ipso,
814 3911 876 3986 ,Jl'eo
889 3912 950 3979 uiget
960 3909 1095 3975 quidquam
1105 3909 1186 3959 simile
1197 3918 1242 3958 out
1252 3923 1337 3958 secun·

259 3995 328 4052 dum.
368 4005 426 4061 127.
447 3997 537 4050 Pauci
552 4011 574 4050 ee
587 4001 699 4056 rumicis.
737 4017 795 4072 rm).
816 3983 872 4054 lin.
884 4001 1090 4070 Praesesestum
1097 4003 1161 4060 Lar,
1185 4000 1265 4052 Plut.
1278 3997 1334 4072 Qu.

260 4084 343 4145 Rom.
354 4087 399 4148 51,
423 4077 486 4142 Διὰ
505 4082 539 4144 τί
557 4089 621 4147 τῶν
630 4083 798 4170 Λαρητῶν,
822 4081 875 4158 οὓς
894 4085 976 4161 ἰδίως
989 4084 1177 4170 πραισῗίτας
1194 4083 1335 4156 καλοῦσι,
