2876 4826
482 291 715 354 FASTORUM
736 284 815 350 Ll'ss.
837 289 862 350 1.

131 479 199 536 Iam
222 475 296 557 pius
318 478 445 536 Aeneas
468 491 578 549 seem,
603 485 636 533 et
658 491 751 532 seem
774 473 876 532 alteru
898 480 1039 551 petrem,

175 582 324 642 bilerot:
350 581 466 642 Iliacos
490 581 626 662 excipe,
649 583 766 655 Veste,
790 577 881 638 deos.

133 693 277 771 Tempus
299 689 375 764 erit,
399 709 497 768 quum
518 707 578 772 uos
602 687 781 766 orbemque
804 684 952 745 tuebitur
975 681 1073 762 idem,

176 799 219 856 Et
241 795 320 855 lient
341 794 413 876 ipso
438 815 527 853 secra
551 794 676 854 colente
701 792 783 852 deo:
1146 788 1208 856 530

133 907 178 964 Et
200 924 302 985 penes
326 905 491 984 Augustos
513 901 640 984 patriae
662 899 767 960 tutela
788 899 942 960 manebit,

177 1013 269 1069 Hane
291 1009 341 1069 l'as
363 1008 495 1090 imperii
518 1008 611 1067 frena
634 1020 750 1067 tenere
774 1005 913 1068 domum.

135 1115 215 1174 lnde
243 1136 346 1197 nepos
373 1129 534 1196 natusque
563 1115 617 1174 dei
644 1151 683 1160 —-
712 1114 792 1174 licet
822 1115 894 1197 ipse
924 1125 1056 1173 recuset
1085 1145 1127 1166 -ψ

177 1221 329 1282 Pondere
352 1222 487 1282 coelesti
509 1233 617 1282 mente
640 1233 777 1304 paterne
799 1222 898 1286 l'eret.

134 1331 245 1410 thue
268 1349 327 1407 ego
348 1329 521 1410 perpetuis
545 1329 622 1388 olim
645 1327 800 1388 sacrabor
823 1330 856 1388 in
880 1329 957 1404 aris,
1150 1327 1186 1392 53

178 1436 236 1494 Sie
256 1439 398 1516 Augusta
419 1457 538 1500 novum
561 1437 642 1506 Iulia
665 1457 782 1494 numen
804 1436 880 1495 erit.

135 1540 274 1601 Talibus
298 1557 332 1602 ut
356 1537 602 1604 dictis-nostros
625 1542 793 1602 deseendit
815 1543 855 1602 ad
876 1562 983 1619 annos,

178 1649 332 1708 Substitit
354 1648 387 1707 in
408 1649 533 1714 medios
556 1649 705 1730 praescia
726 1648 838 1730 lingua
861 1633 965 1712 sonos.

135 1755 306 1836 Puppibus
327 1775 481 1836 egressus
503 1755 596 1816 Latia
619 1755 712 1816 stetit
735 1757 823 1816 exsul
846 1757 879 1816 in
901 1755 1013 1816 herba.

181 1864 291 1936 Felix,
316 1862 467 1922 exsilium
489 1864 542 1923 cui
564 1867 657 1924 loeus
680 1863 737 1924 ille
760 1863 841 1926 fuit!
1151 1867 1212 1941 540

137 1971 209 2030 Noe
230 1991 319 2030 mora
341 1972 438 2052 longa
459 1971 542 2050 fnit,
572 1973 698 2032 stabunt
720 1991 803 2036 nove
825 1983 932 2047 tecta,
960 1989 1021 2030 nec
1044 1969 1128 2030 alter

179 2077 345 2136 Montibus
366 2077 517 2138 Ausoniis
540 2078 667 2139 Arcade
689 2077 795 2138 maior
818 2091 899 2140 erat.

136 2187 228 2244 Ecce
249 2183 348 2245 boves
368 2184 447 2244 illuc
468 2185 663 2267 Erytheidas
685 2186 827 2268 applicat
848 2185 960 2262 heros,

182 2295 340 2352 Emensus
363 2293 454 2374 longi
480 2294 620 2370 claviger
643 2292 734 2352 orbis
757 2291 834 2351 iter.

140 2553 203 2598 nus,
223 2533 303 2602 quod
318 2535 360 2586 Hs
379 2553 441 2592 roc.
460 2535 526 2586 Duo
546 2533 757 2602 comparativi,
777 2543 811 2585 ut
828 2532 938 2584 Florus
953 2531 1006 2598 IV,
1019 2551 1049 2597 n,
1067 2536 1101 2603 47
1115 2534 1214 2588 minus

142 2625 364 2680 admirabilior.
386 2629 447 2686 Cio.
465 2628 565 2684 Flere,
580 2630 611 2694 14
627 2627 720 2697 magis
735 2626 937 2696 gravioribus.

211 2721 271 2788 527.
291 2721 348 2774 Un.
361 2741 432 2772 saera
442 2725 553 2772 alternet
568 2723 646 2770 ultera
655 2732 761 2788 putrem,
796 2720 855 2777 528.
875 2721 931 2781 Un,
942 2722 1068 2790 Auferet,
1082 2723 1214 2793 quost

141 2815 222 2886 plue.
238 2815 336 2874 Burm.
350 2816 414 2869 vult
429 2815 540 2886 Effluet,
554 2815 612 2866 etsi
627 2813 779 2884 vulgatum
791 2812 914 2866 defendi
929 2834 1018 2887 posse
1033 2815 1162 2883 iudicat,
1180 2835 1216 2870 ex

140 2908 199 2974 IV,
210 2909 244 2978 78
254 2921 282 2962 et
291 2911 330 2975 V,
341 2927 382 2980 90.
394 2910 528 2962 -Multi
544 2910 635 2976 accipe.
666 2908 725 2977 529.
738 2906 811 2963 Edd,
822 2909 928 2978 quaed.
938 2929 985 2976 quo
998 2931 1050 2966 vos.
1062 2911 1116 2962 Est
1128 2911 1215 2962 Iulius

141 3005 246 3068 Caesar,
259 3004 399 3056 Pontifex
410 3005 551 3055 maximus
561 3012 592 3054 et
606 3001 739 3072 gentium
748 3001 856 3053 vietor.
880 3002 968 3056 Alter
980 3014 1025 3056 est
1036 3005 1128 3056 Caesar
1138 3005 1215 3056 Octa·

139 3099 231 3148 avianus
238 3097 385 3166 Augustus,
394 3097 474 3150 vivus
486 3113 510 3152 a,
521 3097 556 3153 U.
564 3096 615 3162 718
625 3095 662 3146 atl
671 3095 742 3147 deos
755 3105 884 3153 evectus.
903 3095 1026 3150 Tertius
1036 3107 1082 3150 est
1092 3099 1215 3168 Tiberius,

139 3189 213 3240 Iulii
227 3190 363 3244 Caesaris
380 3209 487 3261 nepos,
501 3190 630 3260 Augusti
644 3189 734 3249 filius,
771 3190 831 3248 530.
848 3189 916 3242 Duo
929 3191 1038 3248 colenda,
1072 3190 1133 3245 531.
1148 3192 1216 3244 Duo

142 3277 430 3352 Quumpenes.-U1i‚
442 3288 560 3350 manebis,
574 3268 819 3355 quostplacet.
850 3283 1054 3343 532.Un.iura.
1082 3284 1142 3344 533,
1157 3285 1214 3343 Un.

139 3379 566 3446 Indesutusqueneposque——Uu
583 3396 659 3444 usque
673 3390 775 3435 recuset,
809 3378 871 3432 536·
889 3378 1039 3437 AliiLiuia.
1073 3379 1133 3446 537.
1152 3378 1215 3430 Alii

146 3471 252 3520 Talibus
272 3473 390 3537 utrspirit's
408 3483 498 3536 noun,
520 3470 573 3522 elii
591 3470 678 3522 multi
692 3481 721 3522 et
734 3471 775 3522 Hs
784 3479 796 3526 t
814 3474 919 3524 Talibus
931 3493 1005 3540 aurp,
1017 3485 1093 3532 nostr,
1106 3477 1172 3529 dese,
1182 3473 1219 3522 ud

139 3583 230 3635 agros:
245 3564 319 3616 Edd.
330 3582 423 3619 novae
434 3566 499 3618 sine
513 3565 600 3624 codd,
614 3573 692 3620 auct.
702 3577 797 3634 nostroe
805 3567 879 3616 dietis
889 3569 955 3622 dese,
963 3595 997 3605 -—
1011 3566 1125 3636 Pleriq.
1136 3567 1162 3616 z'n
1170 3583 1215 3614 an·

140 3679 194 3726 nos,
211 3658 269 3712 duo
278 3651 531 3725 tantumad‘aunos,
545 3659 626 3729 quod
640 3675 664 3709 o.
675 3657 776 3714 Burm.
791 3658 906 3728 recepi,
919 3659 968 3711 eui
981 3659 1108 3711 lectioni
1117 3657 1215 3710 altera

139 3755 177 3801 ad
184 3770 257 3820 agros
266 3752 355 3810 favet.
388 3753 449 3810 538.
464 3753 519 3814 Un,
531 3755 557 3802 in
565 3753 643 3802 medio
653 3781 684 3790 -
691 3771 761 3810 sono,
770 3751 978 3822 Sligtenhorst
988 3767 1034 3822 ap.
1043 3751 1143 3809 Burm.
1154 3750 1214 3821 leg.

143 3846 172 3894 in
188 3848 405 3904 mediis—sonis,
440 3847 501 3906 540.
519 3845 646 3912 Profuit
656 3845 698 3897 Hs
712 3861 787 3901 mav.
799 3865 884 3898 suum.
928 3846 989 3912 541.
1005 3845 1047 3897 Hs
1059 3860 1131 3902 mav.
1143 3846 1219 3914 longe

142 3937 213 3987 subit
225 3950 351 4012 propter
365 3939 545 3993 antecedens
546 3939 619 4006 suit,
653 3939 714 4006 543.
733 3939 775 3992 Hs
790 3941 869 3992 coni.
886 3941 996 4008 appulit,
1013 3949 1047 3992 ut
1059 3937 1113 4005 Vl,
1123 3939 1168 3994 80.
1182 3970 1216 3982 —-

141 4031 278 4099 Umerus,
294 4034 336 4086 Hs
344 4049 417 4093 mar.
429 4053 532 4096 orou-¹
541 4033 586 4085 De
596 4033 650 4086 hac
662 4033 765 4086 fabule
778 4033 816 4088 cf.
832 4032 916 4104 Virg.
925 4035 961 4094 A.
970 4033 1053 4102 VIII,
1070 4051 1172 4107 190sq.
1186 4044 1218 4089 et

139 4125 206 4185 Liv.
215 4125 239 4192 I,
251 4145 276 4197 7,
293 4158 326 4168 -
338 4127 440 4183 Insula
450 4120 562 4184 Oee‘ani
572 4127 683 4194 Euthia
693 4125 876 4182 domicilium
887 4129 1048 4200 tergemini
1057 4129 1216 4202 Geryonis.
