2876 4826
485 296 716 358 FAS'l'Olthl
739 298 819 365 utu.
841 301 867 360 l.
1174 301 1216 370 37

137 483 212 544 Hoc
234 499 293 557 ego
314 499 377 563 pro
399 477 513 558 vebis,
534 479 597 541 hoc
618 500 675 544 vos
697 491 807 562 optate
830 479 949 558 coloni,
1149 479 1211 560 695

176 585 375 668 Elliciatque
397 599 483 648 ratas
504 599 643 670 utraque
666 587 740 650 diva
761 605 888 670 preces.

138 695 232 755 Bella
255 693 311 754 diu
332 707 471 756 tenuere
493 693 602 757 virus:
627 705 698 753 erat
721 691 830 775 aptior
852 692 937 753 entis

176 805 339 867 chere:
363 797 503 862 cedebat
522 812 635 861 taurus
656 811 766 860 arator
788 821 885 881 equo.

137 909 276 970 sarcula
297 907 482 982 cessabant,
504 905 661 988 versique
683 905 717 966 in
739 905 806 988 pila
826 906 968 989 ligones,

175 1017 342 1097 Factaque
364 1012 405 1074 de
427 1012 528 1074 rastri
549 1013 696 1096 pondere
720 1014 818 1074 cassis
841 1027 925 1078 erat.
1097 1065 1099 1074 ,
1150 1032 1210 1096 7⁰0

81 1124 85 1131 '
134 1121 251 1185 Gratia
273 1119 321 1180 dis
342 1119 516 1202 domuique
537 1121 633 1182 tuac!
657 1121 795 1200 religata
817 1122 942 1182 catenis

173 1225 371 1309 Iampridem
391 1238 505 1288 nostre
528 1227 588 1288 sub
608 1227 694 1311 pede
717 1228 804 1288 bella
825 1228 946 1293 iacent.
1045 1261 1048 1270 ·

132 1334 202 1396 Sub
224 1333 302 1416 iuga
322 1333 382 1394 bes
405 1331 531 1410 veniat,
555 1333 615 1395 sub
638 1347 747 1395 terras
770 1353 879 1396 semen
900 1348 1015 1405 aratus,

172 1443 241 1501 Pax
262 1442 422 1504 Cererem
442 1440 568 1503 nutrit:
590 1440 679 1522 pacis
701 1441 827 1502 alumna
850 1443 965 1509 Ceres.
1033 1491 1041 1498 .

128 1659 179 1719 At
200 1674 284 1738 quae
306 1668 460 1720 venturas
480 1651 658 1736 praecedet
679 1665 768 1714 sexta
789 1653 959 1732 Kalendas,
1150 1659 1211 1741 705

173 1766 245 1824 Hac
266 1777 338 1824 sunt
359 1761 499 1825 Ledaeis
521 1764 642 1842 templa
664 1761 768 1822 dicata
790 1761 869 1827 deis.

129 1870 311 1933 Fratribus
333 1871 390 1930 illa
412 1868 483 1930 deis
503 1868 626 1930 lintres
649 1869 690 1938 de
714 1882 813 1950 gente
835 1869 995 1934 aearum*

175 1977 274 2040 Circa
296 1979 449 2039 Iuturnae
474 1995 683 2058 composuere
706 1977 807 2044 lacus.

128 2193 243 2274 Ipsum
263 2213 323 2254 nos
347 2211 477 2256 carmen
500 2191 635 2254 deducit
656 2192 748 2254 Pacis
772 2191 811 2252 ad
833 2211 931 2259 aram.

172 2302 264 2359 Haec
287 2299 352 2361 erit
375 2321 392 2360 a
412 2300 529 2360 meusis
549 2299 613 2359 line
636 2298 774 2360 secunda
797 2297 879 2362 dics.

127 2405 320 2468 Frondihus
342 2407 487 2469 Actiacis
511 2419 659 2489 comptos
681 2406 835 2466 redimita
858 2402 996 2486 capillos

171 2515 237 2572 Pax
261 2512 355 2588 ades,
378 2527 412 2576 et
433 2527 504 2575 totu
525 2513 613 2573 mitis
634 2515 668 2572 in
691 2513 772 2573 orbe
793 2531 896 2572 mane.
988 2516 990 2521 '

128 2621 219 2679 Dum
249 2617 367 2684 desunt
398 2620 531 2695 hostes,
565 2620 648 2680 desit
677 2641 806 2703 quaque
834 2638 927 2681 eausa
955 2617 1125 2701 triumphi.

171 2727 223 2787 'l'u
246 2725 384 2788 ducibus
406 2727 495 2789 bellu
518 2727 623 2808 gloria
644 2727 748 2793 maier
771 2725 851 2792 eris.
955 2773 957 2776 v

199 3081 260 3152 695.
273 3081 362 3133 Multi
377 3083 451 3133 Haec
461 3111 495 3122 -
506 3081 576 3138 haee.
606 3078 666 3150 696.
681 3080 738 3134 Un.
752 3097 786 3133 cx
797 3068 917 3136 rn'elior.
927 3079 1108 3156 Efficiamque,
1125 3079 1207 3152 quod

127 3177 170 3229 Hs
182 3186 213 3230 et
224 3175 328 3234 Burin.
341 3193 403 3234 rec.
421 3175 515 3229 ceteri
530 3191 609 3227 omn.
625 3173 672 3240 id,
692 3174 773 3244 qued
791 3172 920 3229 servavi.
955 3174 1016 3244 697.
1034 3173 1091 3229 Un.
1103 3177 1207 3240 deluere,

129 3287 244 3340 exque
265 3269 308 3322 Hs
330 3270 406 3326 coni.
426 3275 534 3326 decuere.
575 3285 637 3336 7⁰0·
665 3269 885 3324 Humanarum.
927 3285 986 3334 702.
1013 3267 1102 3319 lllulti
1119 3279 1207 3326 vestro,

127 3367 191 3433 704.
217 3363 264 3440 Cf·
285 3363 418 3432 1V‚407.
445 3365 581 3441 Quattuor
597 3362 683 3431 nrn'ttit.
728 3361 790 3428 705.
814 3360 876 3412 Alii
889 3363 1023 3426 praecedit.
1067 3360 1128 3429 706.
1146 3359 1206 3416 Un.

126 3461 247 3524 Ledaeis,
262 3474 297 3510 ex
310 3476 369 3530 quo
382 3457 425 3510 Hs
440 3456 519 3512 ceni.
533 3457 658 3512 Ledaiu'r.
675 3483 709 3493 -
721 3453 825 3506 Deuca
836 3469 910 3510 mar.
922 3457 981 3520 diis,
1000 3470 1038 3506 ne
1050 3451 1203 3524 rhythmus

127 3561 227 3618 csset3
253 3551 400 3606 Francius
415 3552 465 3609 die.
485 3547 602 3618 'l'ernpli
624 3538 776 3600 dedicatio
797 3545 878 3598 circa
898 3563 925 3606 a.
945 3547 981 3608 U.
995 3549 1057 3616 759.
1084 3545 1203 3603 cunio

129 3644 211 3703 Cass.
229 3643 292 3708 LV,
313 3662 356 3711 u7.
397 3660 473 3713 707.
498 3641 614 3711 Pleriq.
632 3641 700 3705 dies,
725 3638 807 3709 quod
829 3638 922 3710 Neap.
942 3638 1099 3710 pulchrius
1121 3636 1202 3690 vide·

129 3737 464 3808 tur‚Ilsaspcruatur.
498 3753 559 3806 φοι).
585 3731 855 3808 Unum—Quat.
871 3731 1088 3796 meliorarem,
1106 3730 1202 3784 ceteri

126 3851 196 3886 amr.
213 3830 308 3885 Huius
330 3847 399 3882 arae
420 3829 506 3884 Pacis
523 3827 673 3882 dedicatio
688 3827 769 3879 sacta
785 3842 812 3882 a.
825 3825 860 3882 U.
874 3828 935 3894 744.
978 3842 1040 3890 7¹1·
1057 3823 1202 3884 Bochart.

126 3924 189 3994 leg.
203 3925 309 3980 Actaeis
333 3924 380 3990 (h,
401 3940 427 3981 u.
445 3922 530 3988 elea)
549 3951 581 3962 -
607 3920 670 3972 Alii
694 3939 783 3983 carros,
810 3917 891 3990 quod
910 3917 1012 3973 Burin.
1036 3917 1146 3988 placet.
1167 3947 1203 3961 -

124 4018 184 4075 Un.
207 4021 326 4075 redimite.
378 4017 438 4085 713.
469 4015 562 4074 Cndd.
584 4016 688 4084 optim.
712 4018 814 4078 desunt,
837 4011 890 4065 alii
911 4011 998 4068 desint.
1052 4013 1113 4078 7¹4·
1137 4011 1200 4065 Alii

123 4112 191 4169 ades.
