2906 4836
486 291 717 356 FASTORUM
742 291 823 355 Lttt.
845 290 884 354 ll.

148 475 230 539 Sira
253 494 343 534 suum
365 473 439 555 regi
460 493 577 534 nomeu
597 491 741 555 posuere
764 471 934 561 Quirites:

193 583 262 642 Seu
282 580 357 662 quia
379 581 532 640 Romanis
552 581 702 640 iunxerat
725 577 782 638 ille
806 579 922 639 Cures.
1160 583 1220 652 480

150 689 232 749 Nam
252 699 348 768 pater
372 687 582 768 armipotens,
605 697 779 768 postquam
795 704 878 748 nera
895 683 1022 746 moenia
1044 685 1137 762 vidit,

194 795 362 877 Multaque
383 794 541 856 Romulea
562 793 650 854 bella
670 803 805 874 peraeta
825 812 932 868 manu,

152 889 322 984 Iuppiter,
344 901 470 984 inquit,
493 900 592 961 habet
606 902 755 960 Romana
777 897 923 980 potentia
944 897 1052 963 vires:

131 1031 135 1042 ·
195 1007 369 1089 Sanguinis
390 1007 502 1069 ollieio
524 1028 589 1068 non
611 1019 689 1089 eget
710 1005 766 1066 illa
789 1005 863 1066 mei.

150 1112 268 1174 Redde
290 1112 379 1195 patri
400 1105 529 1174 natum:
554 1114 699 1195 quamvis
721 1111 893 1174 intercidit
916 1111 1012 1186 alter,
1160 1111 1220 1184 485

195 1221 262 1278 Pro
284 1238 337 1294 se,
359 1239 487 1300 proque
509 1223 633 1296 Remo,
656 1220 712 1302 qui
733 1219 812 1278 mihi
835 1229 955 1291 restat,
979 1217 1054 1282 erit.

154 1328 242 1386 Unus
264 1326 346 1403 erit,
368 1347 464 1408 quem
485 1340 521 1388 tu
542 1327 641 1388 tolles
664 1326 698 1386 in
720 1325 850 1386 caerula
871 1325 973 1402 eoeli3

195 1435 247 1491 Tu
268 1431 349 1492 mihi
372 1431 501 1492 dixisti:
525 1431 591 1492 sint
612 1443 683 1491 rata
706 1429 790 1490 dicta
812 1431 908 1496 lovis.

154 1539 306 1620 luppiter
329 1551 507 1616 annuerat3
530 1552 611 1598 nutu
633 1537 847 1598 tremefactus
870 1549 1010 1617 uterque

184 1649 256 1722 ¹Est
276 1646 390 1726 polus,
413 1658 447 1706 et
469 1646 555 1706 coeli
576 1643 723 1724 pondera
745 1643 842 1702 sensit
862 1644 965 1702 Atlas.
1162 1657 1222 1728 lpqo

155 1756 216 1814 Est
238 1753 348 1812 locus:
373 1751 497 1832 antiqui
521 1753 666 1832 Capreae
689 1750 801 1810 dixere
824 1747 985 1830 paludem.
1125 1751 1127 1760 ’

196 1861 300 1920 Forte
322 1859 386 1918 tuis
407 1857 495 1934 illie,
516 1857 673 1932 Romule,
696 1856 769 1916 iura
793 1854 901 1914 dabas.

158 1965 213 2026 Sol
236 1963 340 2046 fugit,
364 1977 399 2025 et
419 1977 590 2029 removent
612 1963 784 2025 subeuntia
806 1963 917 2023 nubila
939 1963 1074 2040 coelum,

199 2075 242 2133 Et
265 2071 374 2153 gravis
398 2071 520 2131 effusus
541 2071 663 2132 decidit
684 2069 790 2130 imber
812 2069 903 2152 aquis

155 2182 242 2240 Ilinc
264 2191 375 2254 tonat,
403 2177 477 2238 hine
505 2177 613 2236 missis
636 2175 841 2256 abrumpitur
862 2176 992 2255 ignibus
1015 2179 1138 2240 aether.
1161 2179 1220 2260 4q5
1288 2241 1291 2247 Δ

195 2288 251 2346 Fit
272 2285 363 2366 fuga:
387 2305 446 2344 rex
467 2285 587 2366 patriis
611 2297 698 2345 astra
719 2284 853 2366 petebat
876 2285 980 2364 equis.

154 2394 278 2452 Luctus
301 2386 391 2468 erat,
414 2391 581 2472 falsaeque
603 2393 719 2450 Patres
742 2389 775 2448 in
798 2391 932 2450 erimine
955 2389 1084 2468 oaedis3

195 2497 430 2579 Haesissetque
454 2498 567 2558 animis
590 2497 729 2558 l'orsitan
750 2496 807 2556 illa
829 2495 934 2556 fidesa

154 2605 222 2668 Sed
242 2607 405 2665 Proculus
427 2606 541 2686 Longa
564 2605 713 2666 veniebat
735 2582 844 2664 lulius¹
858 2603 953 2680 Alba,

196 2714 352 2794 Lunaque
374 2711 539 2791 fulgebat,
561 2731 623 2772 neo
644 2697 725 2772 ibris
745 2731 823 2771 usus
846 2723 935 2772 erat:
1159 2714 1221 2776 5oo

222 3085 283 3166 lte·
298 3095 413 3164 Pleriq.
425 3113 482 3158 sito,
495 3092 636 3146 meliores
647 3111 731 3148 suum,
772 3094 833 3159 48ι.
851 3092 908 3146 Sex
922 3112 968 3144 sua
985 3113 1021 3150 m.
1052 3091 1111 3159 485.
1128 3093 1221 3171 Quin·
1240 3137 1243 3141 .

155 3204 214 3258 que
231 3201 313 3256 pater,
338 3192 372 3228 ’-
396 3189 471 3240 Tres
498 3190 590 3254 altum,
614 3204 666 3244 un.
687 3188 738 3242 itu.
795 3185 855 3254 487.
887 3188 949 3240 Alii
967 3193 1004 3240 ad
1020 3208 1085 3245 caer.
1109 3219 1142 3229 -
1168 3189 1220 3242 Se·
1315 3198 1317 3202 ’

152 3291 236 3352 ptem
258 3283 380 3346 caerula,
413 3279 494 3351 quod
518 3279 560 3334 Hs
584 3297 668 3346 rea,
699 3280 795 3333 eeteri
815 3285 906 3338 sidera.
961 3286 1022 3352 490.
1054 3284 1111 3336 Sex
1131 3287 1220 3352 sensit,

154 3375 237 3446 quod
256 3375 399 3441 reuHs,
425 3374 536 3446 pleriq.
555 3377 643 3438 mouit,
670 3374 722 3426 alii
742 3377 817 3432 nouit,
862 3378 923 3446 49¹·
947 3375 1111 3428 Historiam
1126 3397 1155 3436 v,
1171 3393 1221 3447 ap,

155 3466 221 3524 lav.
241 3467 271 3533 1,
301 3467 341 3524 16.
379 3467 487 3520 Omnes
514 3466 580 3519 fere
606 3469 730 3536 Capreae,
763 3467 844 3538 quod
866 3470 1005 3533 servavi,
1033 3469 1086 3524 alii
1105 3474 1218 3540 Caprae,

153 3577 232 3614 unus
248 3571 364 3616 tantum
382 3563 519 3630 Capram,
543 3559 624 3630 quod
642 3577 705 3612 rea.
728 3559 781 3617 Hs.
807 3559 915 3614 Graeci
934 3554 1019 3631 αἰγὸς
1044 3575 1094 3616 aut
1113 3555 1220 3630 ζορκὸς

153 3639 234 3719 ἕλος.
260 3687 294 3696 -
321 3656 380 3714 Un,
402 3657 516 3722 paludes.
566 3655 627 3723 492.
656 3654 731 3706 Tres
751 3655 812 3705 airis
831 3657 891 3712 illia.
939 3657 997 3726 493.
1021 3657 1079 3710 tis.
1096 3631 1169 3716 mati.
1189 3679 1219 3712 eu

154 3768 242 3805 remor.
267 3777 297 3788 -—
323 3749 390 3802 Duo
411 3745 483 3814 ooali',
501 3765 551 3805 un.
567 3749 651 3804 solam.
700 3748 761 3816 495.
786 3747 843 3800 Sex
857 3753 961 3800 Intonat
976 3753 1084 3815 umbris,-
1101 3769 1152 3803 un.
1172 3756 1219 3804 im-¹

153 3841 247 3897 missis.
269 3843 348 3896 lllud
366 3844 461 3894 emissis
474 3843 574 3912 placet
592 3841 692 3899 Burin.
729 3873 763 3881 -
794 3842 851 3899 Un.
866 3844 1010 3909 erumpitur.
1062 3847 1121 3914 497,
1150 3846 1217 3900 Duo

141 3933 275 4002 frzlsoque,
299 3965 332 3976 -
355 3935 412 3990 Sex
429 3937 542 3992 erimina.
593 3935 654 4005 498.
681 3936 769 3988 Multi
788 3939 852 4004 ipsa,
900 3937 960 3992 500.
988 3935 1076 3988 Mutii
1092 3942 1217 4008 surgebat,

150 4027 256 4084 Burro.
278 4027 308 4080 in
333 4030 425 4083 verbo
434 4029 556 4098 fulgebm
576 4028 680 4082 vitium
702 4029 799 4082 inesse
823 4037 943 4094 censet,
975 4045 1063 4098 quum
1086 4031 1157 4084 luna
1175 4034 1217 4088 la-

151 4121 257 4179 tuerit,
