2876 4826
513 291 747 358 FASTORUM
768 295 850 356 Lm.
872 293 895 354 1.
1204 300 1244 367 19

154 479 241 542 Pars
262 487 357 561 putat
378 465 443 537 hoe
465 475 585 538 festum
607 475 733 558 priscis
754 479 877 556 Agnalia
900 461 1034 553 dietam,
1132 527 1142 547 .
1182 478 1242 542 325

199 588 271 647 Una
293 586 338 646 sit
359 596 395 645 ut
416 581 560 667 proprie
581 583 697 645 littera
720 582 850 666 dempta
873 583 958 650 loco.

156 696 228 769 An,
252 693 327 776 quia
349 692 519 776 praevisos
541 692 575 751 in
597 711 679 774 aqua
709 692 805 753 timet
826 691 933 754 hostia
955 690 1093 770 cultros,

198 804 227 860 A
249 799 380 882 pecoris
400 801 457 858 lux
478 810 528 860 est
550 798 614 860 ista
635 811 748 860 notata
769 797 884 862 metu?

154 909 240 968 Pars
263 911 380 984 etiam,
404 905 479 968 iieri
501 907 606 968 solitis
627 918 736 968 aetate
758 907 911 990 priorum

198 1014 335 1076 Nomina
359 1013 510 1074 deludis
533 1014 634 1076 Graia
656 1014 773 1076 tulisse
796 1014 895 1080 diem.

154 1121 202 1181 Et
223 1139 326 1202 pecus
348 1119 501 1202 antiquus
522 1119 656 1182 dicebat
676 1125 787 1202 Agonia
808 1140 934 1184 sermo:

198 1229 354 1309 Veraque
377 1226 503 1288 iudicio
526 1239 575 1289 est
597 1228 710 1289 ultima
735 1249 830 1290 eausa
851 1249 936 1300 meo,

155 1336 267 1415 thue
290 1353 329 1393 ea
356 1353 444 1396 nune
465 1347 555 1396 certa
577 1346 644 1412 est,
676 1336 722 1396 ita
744 1338 815 1396 Rex
836 1337 968 1420 placare
991 1353 1159 1400 sacrorum

199 1440 337 1501 Numina
358 1440 529 1522 lanigerae
552 1441 693 1524 coniuge
716 1441 817 1504 dehet
839 1443 922 1508 ovis.

155 1553 295 1626 Victima,
317 1569 399 1630 quae
423 1547 538 1609 dextra
561 1547 681 1635 cecidit
703 1547 858 1626 victrice,
881 1563 1041 1630 vocatur3
1181 1555 1240 1619 335

200 1656 355 1718 Hostibus
375 1678 392 1716 a
413 1656 510 1717 motis
532 1659 620 1714 hostia
641 1673 759 1714 nemen
780 1653 888 1718 habet.

155 1765 263 1838 Ante,
288 1763 367 1824 deos
390 1762 512 1824 homini
535 1760 623 1844 qued
644 1759 820 1821 conciliare
842 1761 983 1840 valeret,

200 1869 265 1929 F'ar
287 1881 376 1946 erat,
401 1882 435 1930 et
456 1868 534 1952 puri
557 1867 664 1928 lueida
686 1866 771 1930 mica
797 1869 887 1932 salis.

154 1975 307 2037 Nondum
329 1979 517 2058 pertulerat
538 1975 725 2038 lacrimatas
749 1975 875 2040 cortice
897 1977 1044 2059 myrrhas

199 2085 281 2165 Aeta
302 2103 364 2165 per
388 2103 570 2166 aequoreas
593 2084 723 2168 hospita
744 2085 836 2148 navis
858 2103 974 2168 aquas3
1179 2090 1256 2164 34}ss

155 2191 248 2250 Tura
268 2210 330 2251 nec
349 2189 554 2274 Euphrates,
577 2211 639 2253 nee
661 2191 798 2253 miserat
820 2191 911 2254 India
933 2205 1070 2272 costum,

198 2298 267 2358 Nee
288 2296 422 2358 fuerant
442 2297 539 2359 ruhri
563 2300 692 2382 cognita
713 2299 768 2362 fila
789 2299 891 2364 eroei.

154 2405 226 2464 Ara
248 2403 345 2466 dabat
366 2405 488 2484 fumos,
511 2407 623 2468 herbis
644 2419 797 2470 contenta
818 2406 959 2486 Sabinis,

198 2513 243 2572 Et
264 2533 328 2572 non
350 2513 467 2595 exiguo
490 2513 603 2575 laurus
626 2515 743 2577 adusta
763 2535 855 2577 sone.

201 2757 203 2762 ·
226 2721 287 2778 δώ.
305 2721 363 2777 Un.
379 2723 484 2789 Unaque
493 2724 528 2773 sit
538 2743 580 2790 pr.
597 2753 632 2764 —
649 2721 802 2792 Ummium.
837 2722 899 2792 327.
917 2720 1061 2780 AliiAat,
1094 2719 1156 2783 328,
1174 2724 1237 2776 Alii

153 2819 226 2883 ipsa,
239 2815 428 2882 melion-ista,
444 2815 526 2888 quod
534 2815 575 2869 Hs
586 2832 648 2873 ree.
665 2846 700 2858 —-
719 2816 777 2875 Ua.
789 2828 884 2873 treanta.
903 2815 960 2886 Ap.
971 2815 1104 2870 Graecos
1119 2807 1240 2888 ἀγωνία

153 2921 250 2974 metus,
266 2925 313 2980 ap.
330 2903 451 2962 eosdem
467 2899 658 2979 ἀγϋῖνεςῖιιιίἰ.
700 2909 762 2980 329.
785 2909 847 2964 Alii
862 2912 914 2961 Fas
929 2910 1020 2976 etiam,
1043 2909 1149 2980 plures
1167 2911 1238 2970 mel.

153 2997 243 3060 Pars,
261 2995 342 3066 quod
353 2995 395 3050 Hs
406 3012 469 3054 rec,
483 3026 519 3036 -
531 2995 612 3048 Idem
626 3009 702 3053 mav.
716 3007 796 3046 artata
806 2997 896 3063 priori.
931 2994 994 3052 330.
1012 2993 1107 3054 codd.
1122 2995 1237 3071 pleriq.

156 3084 265 3146 Graeca,
280 3081 337 3133 duo
351 3093 435 3151 grata,
452 3097 487 3134 ex
499 3099 559 3152 quo
572 3080 615 3133 Hs
628 3091 727 3140 nostr.
738 3081 822 3138 feeit.
854 3079 915 3138 331.
933 3080 1010 3134 Oete
1025 3081 1237 3152 melior.pacus,

155 3167 240 3239 quod
249 3185 274 3224 e.
284 3167 362 3224 ctos.
372 3167 413 3220 Hs
425 3185 485 3225 ree.
495 3167 547 3220 alii
554 3171 635 3235 prius.
644 3197 677 3208 »-
688 3167 750 3220 ΑΙίἰ
759 3169 898 3238 Agimina.
926 3166 987 3224 333.
999 3166 1116 3240 Pleriq.
1124 3179 1237 3230 retusi.

155 3275 205 3306 non
219 3266 292 3320 certa,
308 3255 389 3324 qnod
399 3252 478 3311 Cios.
495 3265 525 3308 et
542 3255 634 3326 Neap.
648 3253 749 3325 piacet
755 3271 764 3322 3
779 3253 918 3308 undecim
931 3271 1009 3320 nane,
1025 3255 1107 3325 qued
1120 3255 1163 3310 Hs
1173 3275 1246 3327 ree„

151 3339 219 3396 335.
233 3339 291 3396 Un.
300 3343 386 3391 cea'dit
397 3345 493 3398 dextra,
528 3341 589 3397 336.
606 3340 715 3394 Omnes
726 3341 792 3394 sere
803 3340 936 3404 edomitis,
949 3337 1008 3392 duo
1017 3340 1159 3396 meliores
1168 3355 1236 3395 amo·

154 3429 197 3492 tis,
211 3425 292 3496 qued
301 3426 343 3480 Hs
353 3444 415 3484 ree.
426 3429 479 3480 sed
492 3425 684 3493 coniunctim,
700 3443 755 3496 ego
770 3423 901 3478 disiunxi
909 3440 919 3491 3
939 3415 1014 3476 mitis
1026 3426 1106 3478 enim
1118 3428 1174 3480 hoe
1190 3439 1236 3484 est

154 3515 278 3581 depulsis,
293 3515 393 3564 remotis
407 3517 519 3566 hostibus
534 3524 649 3567 tantum
662 3511 779 3580 hostiam,
793 3510 881 3566 victis
896 3511 1021 3564 victimam
1032 3509 1237 3571 immolabants
1294 3581 1295 3585 Ἰ

153 3598 218 3660 333.
235 3599 292 3656 Un.
300 3595 399 3667 liquidi,
415 3601 495 3671 quo'd
504 3601 545 3652 Hs
556 3600 667 3671 placet.
702 3599 764 3670 339.
781 3587 991 3657 Un.eontuler²at.
1008 3629 1043 3640 -
1063 3599 1152 3675 Quat,
1163 3601 1236 3650 laer-i·

153 3696 250 3736 matam
269 3715 303 3726 ·-
315 3689 454 3752 myrrham.
498 3687 559 3754 343.
577 3686 644 3737 Duo
659 3685 784 3749 contecta,
801 3699 853 3737 sex
864 3685 995 3742 eontemla.
1013 3688 1102 3738 Herba
1115 3685 1173 3742 Sar,
1187 3701 1237 3756 ap.

151 3793 213 3830 nos
234 3781 390 3831 Suomarium
416 3779 488 3846 (der
507 3780 732 3847 sesaminum),
759 3793 808 3848 ap.
829 3775 962 3832 Graecos
988 3766 1104 3854 βράθυ,
1123 3775 1160 3832 (ie
1175 3793 1236 3848 qun

154 3870 284 3941 Hesych,
297 3862 365 3924 πόα
379 3874 447 3938 τοῖς
465 3867 550 3938 θεοῖς
564 3862 713 3946 &vopei-vir.
734 3871 879 3940 Propert.
892 3871 946 3938 IV,
960 3867 992 3937 3,
1010 3869 1052 3929 58.
1071 3869 1110 3925 Et
1131 3880 1236 3942 erepat

157 3956 196 4008 ad
205 3969 321 4012 veteres
334 3959 430 4012 herba
443 3956 555 4014 Sabina
564 3960 662 4018 focos.
676 3990 710 3998 -
724 3959 768 4012 De
782 3961 850 4014 lauri
864 3957 979 4011 eredita
991 3957 1019 4010 ri
1031 3955 1141 4036 malam
1152 3973 1236 4011 aver·

155 4045 305 4097 remeandi
321 4045 360 4102 cf.
377 4045 505 4120 Gasauh.
519 4046 672 4116 Theophr.
690 4045 778 4116 sep.
792 4047 841 4115 ¹75
856 4043 893 4097 ed
907 4041 1006 4099 Fiseh.
1023 4037 1235 4112 Tibull‚11,6,

153 4131 199 4188 81.
218 4130 256 4186 Et
272 4148 417 4187 succensa
433 4131 528 4186 saeris
543 4131 674 4202 crepitet
688 4131 765 4187 hene
782 4131 886 4201 laurea
901 4128 1042 4202 flammis„
1133 4153 1137 4162 ·
