2906 4836
191 367 192 372 Ν
238 279 279 342 se
572 275 610 336 e.
634 273 772 344 otton
792 251 971 340 nnsonts'

239 457 297 522 285
320 459 390 538 Ipse
414 453 494 516 deus
515 455 612 521 velox
633 455 824 518 discurrere
847 456 968 540 gaudet
988 433 1022 516 in
1044 455 1120 518 altis
1148 447 1150 452 ’

358 562 537 640 Montibus,
560 574 594 623 et
616 561 740 622 subitas
764 563 904 624 concitat
925 562 982 622 ille
1005 562 1104 622 ieras.

319 670 393 752 lpse
418 670 498 730 dens
519 667 625 728 nudus
648 668 751 728 nudos
772 667 865 729 iubet
887 667 937 729 irc
959 668 1150 732 ministros:
1172 717 1174 730 ,

359 777 426 836 Nec
448 774 526 835 satis
547 774 587 834 ad
609 794 742 836 cursum
764 773 929 836 commoda
949 775 1051 839 vestis
1074 787 1158 838 erat.

319 884 403 941 Ante
426 883 535 943 Iovem
556 881 699 960 genitum
719 893 828 942 terras
850 881 1004 942 habuisse
1026 882 1184 944 feruntur

239 1006 298 1068 eqo
360 987 523 1062 Arcades,
548 1001 581 1047 ct
602 989 694 1048 Luna
717 1007 793 1066 gens
814 987 910 1070 prior
932 988 989 1048 illa
1010 987 1084 1052 fuit.

319 1094 396 1161 Vita
417 1093 500 1153 feris
523 1093 657 1169 similis,
678 1093 787 1153 nullos
810 1093 927 1172 agitata
949 1115 1010 1177 per
1032 1111 1131 1157 usust

359 1200 451 1260 Artis
474 1198 577 1259 adhuc
600 1219 717 1281 expers
741 1212 774 1260 et
796 1201 878 1260 rude
900 1201 1015 1280 vulgus
1037 1214 1119 1268 erat.

319 1309 385 1369 Pro
408 1305 555 1368 domibus
580 1305 716 1366 frondes
742 1317 879 1384 norarrt,
907 1328 970 1388 pro
992 1292 1143 1388 frugibus
1165 1308 1306 1372 herhas:

359 1417 480 1476 Nectar
503 1425 574 1474 erat
595 1411 711 1494 palmis
730 1411 845 1472 heusta
868 1411 992 1474 duabus
1014 1435 1107 1496 aqua.
1303 1398 1307 1410 ¹

240 1523 298 1602 295
321 1522 436 1582 Nullus
459 1519 629 1580 anhelabat
652 1519 712 1580 sub
736 1519 858 1594 adunco
880 1540 1012 1584 vomere
1033 1533 1164 1581 taurust

360 1627 456 1688 Nulla
478 1626 535 1686 sub
558 1625 698 1708 imperio
719 1638 810 1687 terra
833 1627 973 1688 colentis
996 1639 1085 1688 crat:

320 1734 434 1794 Nullus
461 1732 563 1792 adhue
592 1745 664 1794 erat
691 1752 769 1794 nsua
796 1733 890 1816 eqni,
932 1751 965 1793 se
996 1731 1134 1815 quisque
1164 1732 1305 1797 ferebat.

360 1840 432 1900 Ibat
453 1839 524 1904 ovis
546 1840 618 1900 lana
640 1859 761 1921 corpus
783 1839 900 1901 amicta
921 1858 987 1900 sua.
1306 1850 1308 1853 ’

322 1947 389 2008 Sub
411 1949 486 2010 Iove
509 1945 688 2023 durabant,
710 1958 744 2006 et
766 1966 907 2029 corpora
928 1946 1014 2006 nuda
1036 1945 1204 2026 gerebant,

240 2053 299 2119 300
361 2056 464 2114 Docta
487 2069 598 2132 graves
618 2052 740 2112 imbres
761 2065 795 2113 et
815 2053 961 2114 tolerare
982 2055 1098 2114 Notos.

322 2165 413 2224 Nune
434 2180 564 2243 quoqne
587 2158 711 2220 detecti
732 2157 885 2220 referunt
908 2172 1114 2222 monumenta
1134 2158 1260 2240 vetusti¹

273 2278 275 2280 ’
308 2273 310 2276 ’
360 2269 477 2346 Moris,
500 2279 533 2328 ct
555 2263 702 2347 antiquas
725 2263 944 2326 testificantur
967 2285 1053 2349 opes.

321 2375 404 2451 Sed,
429 2395 488 2436 cur
511 2371 690 2456 praecipue
714 2369 820 2451 fugiat
841 2372 999 2435 velamina
1020 2375 1160 2451 Faunus,

360 2481 521 2542 Traditur
543 2478 669 2560 antiqui
692 2477 803 2538 fabula
825 2479 921 2558 plena
943 2479 1016 2544 ioci.

241 2587 299 2653 305
321 2570 432 2647 Forte
447 2606 553 2647 comes
577 2584 726 2646 dominae
749 2583 879 2648 iuvenis
901 2585 1089 2665 Tirynthius
1111 2587 1196 2650 ibat:
1264 2658 1266 2667 Ι

362 2691 455 2761 Vidit
478 2692 516 2753 ab
540 2695 670 2755 excelso
691 2695 821 2754 Faunus
843 2703 1017 2774 utrumque
1039 2693 1126 2774 iugo.

309 2979 368 3037 286,
390 2979 447 3033 Sex
465 2981 569 3048 concipit
588 2979 729 3048 illefngus,
742 2978 854 3049 pleriq.
869 2979 974 3046 concipit
995 2978 1036 3030 ille
1044 2979 1123 3046 seras
1137 2989 1187 3034 aut
1202 2981 1307 3032 eoncitat

239 3073 291 3138 ipsa
300 3074 391 3139 seras,
407 3082 471 3124 tres
484 3081 580 3128 nostr.
593 3071 653 3140 leg.
668 3072 749 3142 quod
765 3073 806 3123 Hs
821 3088 900 3136 rcc‚,
918 3070 968 3142 qui
984 3082 1143 3140 practerea
1160 3074 1238 3132 roni.
1252 3077 1307 3124 inde

227 3167 317 3234 ferne.
344 3165 402 3231 287.
418 3151 849 3228 Unamatire,rnultiinbetessc.
875 3161 933 3221 288.
944 3165 1033 3217 Multi
1044 3187 1142 3224 cursus,
1169 3166 1228 3238 289.
1239 3168 1305 3218 Duo

240 3261 378 3317 habitasse,
412 3274 473 3329 ²9¹·
493 3257 661 3320 Codd.fere
676 3257 864 3324 omnessen's,
879 3260 960 3328 quod
975 3261 1113 3312 revocavi
1121 3278 1130 3326 3
1149 3261 1262 3326 uestra
1273 3270 1306 3324 et,

241 3354 402 3422 aliussare,
432 3353 608 3420 aliusferae,
639 3349 802 3421 quodcum
821 3351 922 3404 Medio
945 3353 1073 3410 Norant.
1093 3353 1306 3426 lucensque&

241 3437 294 3506 Hs,
308 3457 338 3500 ct
351 3447 453 3504 Burm.
467 3463 529 3504 rec.
549 3445 594 3500 cf.
607 3445 671 3501 Cic,
681 3445 769 3502 Tunc.
780 3446 811 3510 1,
829 3463 853 3502 a.
873 3447 944 3515 Quae
956 3457 1007 3498 tam
1020 3449 1137 3500 excellens
1152 3448 1178 3498 in
1188 3448 1314 3517 omnigc-'

241 3562 294 3594 nere
304 3545 382 3594 virtus
394 3543 420 3592 in
430 3539 567 3608 ullis-fnit,
581 3549 609 3588 ut
618 3541 651 3590 sit
664 3559 719 3589 cum
731 3541 845 3596 maiorib.
856 3541 945 3590 nostris
956 3545 1132 3608 comparanda,
1148 3571 1181 3580 -
1198 3541 1306 3597 Heinz.

242 3637 352 3708 Opnsc.
369 3653 401 3705 p,
419 3633 478 3689 aab.
493 3633 530 3684 ad
546 3650 606 3682 usus
620 3630 713 3683 trabit
731 3649 857 3702 sequens
877 3633 966 3693 Artis.
1008 3653 1068 3706 epe.
1084 3627 1202 3687 ¹Omnes
1217 3633 1309 3693 codd,

236 3717 306 3794 arat,
324 3729 403 3800 quod
415 3727 548 3790 servavi,
565 3742 641 3778 unus
654 3735 769 3780 tantum
783 3743 840 3798 pro
858 3727 976 3782 diversa
989 3729 1059 3786 lect.
1074 3739 1157 3794 erant,
1173 3726 1304 3797 qnodHe

242 3833 271 3876 et
287 3822 390 3880 Bnrm.
406 3837 468 3878 rec.
485 3849 518 3861 -
536 3819 597 3872 Pro
614 3823 697 3872 adhue
707 3821 809 3880 Bnrm.
820 3837 895 3881 mcv,
906 3827 942 3874 od
954 3824 1009 3879 hor.
1044 3822 1104 3890 296.
1121 3821 1179 3878 Un.
1191 3805 1305 3891 regentis,

242 3930 301 3984 299·
326 3915 384 3972 Un.
402 3918 431 3966 Se
445 3933 536 3982 quoqne
551 3919 578 3971 d.
604 3943 634 3954 -·
662 3914 771 3991 quinq.
789 3936 887 3984 corpora
903 3920 975 3971 dura.
1019 3914 1079 3970 302.
1104 3913 1162 3972 Un.
1179 3915 1305 3991 retiquae,

240 4009 318 4061 unde
330 4009 372 4062 Hs
385 4009 464 4068 coni.
478 4012 506 4061 id
518 4011 643 4076 antiquae.
677 4009 738 4077 304.
756 4011 812 4069 Un,
822 4013 921 4080 prima,-
939 4007 1009 4061 hinc
1019 4008 1061 4062 Hs
1072 4008 1212 4065 rtssurm.
1224 4006 1305 4066 coni,

235 4103 311 4166 priva
322 4101 369 4154 vel
380 4104 472 4170 prisca.
509 4102 568 4161 306,
585 4102 651 4156 Duo
668 4103 735 4173 iugo,
1307 4097 1311 4104 ’
