2876 4826
221 341 316 398 XXII

222 547 326 629 igitur
342 544 541 634 lectionibus
556 546 713 626 magister
733 544 910 636 discipulos
926 543 1103 627 (litigantes
1121 558 1287 622 exerceat,

223 691 260 738 ut
282 675 404 755 ingenii
424 695 556 736 acumen
576 649 732 758 prodant,
754 687 906 755 augeant,
927 677 1161 755 norwtorent,
1182 671 1291 739 utiu-

225 805 355 868 dicandi
377 793 577 882 facultatem,
599 807 679 889 quid
699 825 825 884 aarum,
847 805 928 888 quisi
947 805 1064 868 ihlssun
1083 807 1140 885 sit,
1164 818 1288 872 acuant·

222 941 292 1000 Hac
313 942 437 1026 κρίσεως
458 935 694 1000 exercitatione
714 936 799 998 nihil
820 948 872 1000 est
892 939 1024 1014 melius,
1052 937 1294 1018 nihilrutilias,

224 1069 289 1130 nisi
310 1087 350 1128 ea
371 1067 540 1129 abutamur
559 1080 593 1129 et
614 1069 649 1130 in
674 1067 805 1133 levihus·
831 1065 962 1156 langius
982 1086 1158 1130 monemur.
1200 1069 1291 1131 stane

226 1213 275 1261 est
296 1198 382 1261 enim
403 1195 617 1316 Charybdis,
613 1218 703 1280 quaa
724 1198 871 1282 vitanda,
892 1197 974 1259 haee
993 1198 1117 1278 Scylla,
1140 1209 1222 1281 q'uas
1244 1198 1293 1262 fs

225 1327 338 1408 gienda
360 1341 421 1401 est,

304 1459 522 1522 Pareissimus
543 1459 592 1520 fut
614 1459 647 1520 in
669 1459 857 1522 annotandis
872 1459 1033 1521 similibus
1049 1460 1156 1522 nostri
1175 1471 1293 1542 poetae

227 1603 282 1653 aut
304 1591 443 1652 aliorum
462 1589 564 1667 loeis,
587 1609 629 1650 ne
653 1607 735 1672 opus
752 1589 1112 1673 nimialieret-longum
1129 1609 1166 1652 ae
1183 1589 1295 1673 eopio-

227 1743 315 1802 snm,
335 1726 440 1782 minus
458 1741 575 1802 parcus
597 1721 631 1782 is
653 1720 850 1782 adducendis
871 1733 1021 1786 veterum
1040 1721 1133 1800 loeis,
1151 1719 1293 1782 testibus

225 1871 339 1914 rerum
357 1850 583 1932 antiquarum,
606 1869 796 1930 quamquam
816 1851 934 1926 multa,
956 1871 1038 1933 quae
1060 1871 1117 1912 res
1136 1851 1299 1966 obscuras

225 1977 395 2046 illustrare
421 1991 574 2062 possent,
605 1981 756 2040 consulto¹
784 1981 916 2062 neglexi
936 1984 999 2056 1⁶).
1048 1983 1100 2044 Da
1121 1945 1299 2044 Fastorum

227 2115 314 2176 enim
335 2110 449 2178 Ovidii
468 2111 518 2171 his
539 2109 637 2170 libris
657 2121 751 2171 reete
773 2111 898 2173 iudinat
917 2113 1018 2176 Here.
1038 2111 1208 2176 Ciofanuss
1232 2116 1294 2172 »Ea

224 2247 358 2315 omnibus,
374 2241 493 2325 inquil,
512 2251 631 2300 aaron
644 2251 786 2319 putaram
803 2247 977 2304 monumentis
991 2252 1097 2302 nullum
1116 2243 1297 2304 tolerantie

228 2386 322 2437 essenti
331 2397 409 2453 opas,
430 2359 502 2450 quoe
516 2375 727 2435 out-eruditione
741 2382 789 2430 aut
807 2374 904 2445 rebus,
918 2395 985 2449 quos
1000 2367 1038 2432 etl
1055 2378 1207 2434 Romamne
1221 2375 1296 2432 auti·

224 2513 354 2584 quitatem
367 2506 585 2583 eognoscentiam:
595 2506 763 2580 pertineant,
785 2504 831 2564 has
850 2504 941 2562 Ovidii
956 2505 1102 2564 fastorum
1124 2504 1204 2563 libros
1222 2511 1296 2560 oule-

292 2790 333 2858 ²⁶)
352 2789 417 2843 Etsi
440 2790 479 2840 in·
496 2789 543 2840 hia
560 2789 690 2860 ¹cuipiam
706 2786 828 2860 longior
843 2791 963 2856 videar,
989 2789 1177 2842 recentiores
1197 2796 1295 2842 tamen

226 2883 341 2946 libros,
361 2879 511 2950 inquibus
527 2897 576 2933 res
587 2880 758 2936 illustratae
773 2883 850 2949 sint,
871 2881 979 2939 afferre
990 2883 1110 2936 omnino
1127 2881 1193 2935 fore
1204 2882 1296 2934 absti-

227 2975 299 3038 nui,
314 2989 348 3024 ae
364 2973 389 3025 si
405 2967 480 3043 quos
493 2961 656 3044 adscripsi,
674 2961 885 3046 magistrorum
897 2985 1012 3028 tantum
1022 2990 1108 3027 eausa
1118 2971 1187 3028 feci.
1216 2973 1298 3050 Quid

231 3067 310 3118 enim
319 3066 400 3118 iuvat
410 3065 575 3136 discipulos
585 3083 688 3119 eorum
698 3067 833 3130 luntario,
853 3065 1297 3135 quihuseospervolutare‘nou

227 3157 335 3210 liceat!
355 3157 492 3226 magistri
508 3167 604 3208 autem
619 3158 677 3227 ipsi
693 3158 805 3221 soient,
825 3157 855 3209 in
869 3173 929 3226 quo
939 3156 1011 3227 quid
1021 3158 1102 3212 libro
1113 3157 1298 3212 illustratum

229 3249 279 3304 sit.
315 3249 424 3302 Eadem
433 3248 470 3301 da
486 3263 574 3302 eausa
585 3263 686 3301 omnes
697 3257 830 3302 veterum
840 3247 921 3300 locos
937 3247 1002 3302 iere
1013 3263 1129 3320 semper
1143 3249 1216 3320 ipsis
1231 3265 1299 3302 ver·

226 3343 274 3395 his
290 3340 397 3406 attuli,
416 3349 493 3394 utet
508 3342 643 3412 magistri
660 3351 690 3394 et
707 3340 847 3411 discipuli
865 3340 929 3412 ipsa
940 3343 1032 3398 verba
1047 3353 1117 3396 anto
1132 3343 1233 3396 oeulos
1246 3341 1299 3394 ha·

227 3437 336 3500 beant,
356 3449 430 3487 neve
446 3434 543 3487 libros
562 3434 699 3488 erolrera
715 3434 789 3506 ipsis
806 3451 927 3490 neeesse
941 3436 1004 3502 sit,
1029 3435 1208 3506 praesertim
1224 3451 1298 3506 quo-

229 3547 295 3584 rum
310 3527 399 3598 copia
414 3543 502 3598 saepe
517 3528 591 3597 ipsis
610 3526 762 3606 magistris
780 3528 924 3598 denegata
937 3538 991 3584 est.
1027 3528 1106 3606 Quid
1122 3529 1199 3582 enim
1216 3527 1300 3582 aliud

228 3622 354 3685 suisset,
374 3619 433 3672 uisi
451 3634 526 3670 sana
542 3619 690 3672 librorum
703 3637 811 3691 pompa
826 3619 980 3691 gloriari,
991 3621 1017 3674 ai
1031 3620 1163 3674 lectores
1175 3618 1213 3674 ad
1222 3619 1299 3672 Gro-

229 3715 311 3767 novii
322 3713 504 3783 Graeviiqns
517 3712 691 3778 thesauros,
709 3713 734 3766 si
752 3713 788 3764 ad
796 3713 984 3769 Eustathium
992 3712 1301 3784 Scholiastasqueee·

230 3819 314 3860 teros
329 3805 461 3876 plurium
478 3805 679 3876 scriptorum,
707 3804 732 3858 si
749 3805 786 3858 ad
801 3805 1001 3872 Athenaeum,
1027 3803 1167 3870 Aratum,
1193 3805 1302 3858 Erato-

232 3899 381 3964 sthenem,
402 3898 525 3952 ceteros
535 3907 740 3962 astronomos,
760 3898 964 3968 geographos,
984 3898 1205 3968 grammaticos,
1225 3897 1304 3950 siaul

218 3992 437 4056 laetantium,
461 3989 678 4061 angustinum,
704 3989 870 4044 truentum
888 3991 1021 4060 aliosque
1041 3989 1150 4044 mrtltos
1169 3989 1302 4042 relicere

235 4083 402 4136 voluissem.
