2846 4822
452 308 686 374 Fnswnunt
707 305 790 371 tre.
815 307 855 372 V·
1136 311 1194 371 2211

119 500 238 582 Signa,
265 497 364 558 denus
386 494 486 568 beni.
508 493 647 555 Parthus
668 492 810 552 Romanu
830 487 976 566 tenebat,
1135 487 1195 552 585

159 609 391 686 Romanaeque
413 599 541 685 aquilae
565 600 705 680 signifer
725 599 824 660 hostis
844 609 926 660 erut.

120 717 217 798 leque
240 711 349 796 pudor
369 708 541 770 mansisset
563 705 684 781 adhue,
706 703 769 765 nisi
790 703 934 766 lontibus
956 704 1053 766 armis

161 819 319 884 Caesaris
338 814 503 878 Ausoniae
526 823 784 896 protegerentur
805 829 897 894 opes.

121 929 181 991 llle
203 941 296 990 notae
316 938 470 996 veteres,
494 931 528 980 et
549 919 639 1001 longi
662 918 802 982 dedecus
824 919 896 982 ueri

163 1033 315 1096 Sustulit.
358 1035 531 1112 Agnorunt
553 1026 643 1104 signu
664 1037 799 1108 receptu
821 1046 908 1088 suos.
1139 1029 1199 1110 59⁰

125 1143 215 1236 Quid
234 1140 297 1203 tibi
319 1157 405 1200 nune
427 1135 542 1197 solitae
564 1133 651 1195 mitti
674 1147 748 1217 post
769 1146 865 1216 tergo
887 1134 1038 1217 sagittae,

165 1247 256 1342 Quid
276 1247 369 1322 loon,
393 1243 473 1328 quid
494 1240 603 1324 rapidi
625 1241 754 1323 profuit
776 1261 855 1302 usus
877 1241 977 1323 equi?

123 1357 263 1432 Parme,
297 1354 408 1416 rel'ers
439 1352 581 1434 equilus:
622 1350 726 1415 victos
759 1367 889 1433 quoque
917 1348 1065 1431 porrigis
1097 1367 1199 1413 erens.

163 1457 307 1543 Pignore
329 1461 394 1520 iem
415 1459 524 1522 nostri
546 1457 635 1520 nullo
658 1456 793 1540 pudoris
813 1456 922 1521 hebes.

123 1571 202 1632 Rite
225 1569 287 1628 deo
309 1569 533 1650 templumque
556 1565 667 1628 datum
689 1583 872 1646 nomenque
892 1563 945 1624 bis
967 1562 1051 1640 ulto,
1142 1566 1201 1644 5q5

163 1679 206 1736 Et
226 1674 366 1735 meritus
387 1673 474 1737 votis
496 1671 607 1734 debita
629 1673 730 1737 solvit
750 1671 863 1734 honos.
957 1725 959 1728 .

126 1783 310 1844 Sollemnes
331 1779 427 1842 ludos
448 1779 549 1842 Circo
572 1779 760 1856 celebrate,
783 1778 953 1872 Quirites:

163 1892 235 1952 Nou
256 1887 325 1951 visu
347 1899 399 1949 est
419 1887 540 1950 fortem
563 1905 659 1948 scene
681 1885 801 1948 decere
823 1886 930 1948 deum.

129 2037 1205 2076 ,W

192 2177 252 2236 585.
269 2174 361 2230 Multi
371 2175 442 2228 duois
454 2177 526 2242 tolli,
539 2176 597 2229 duo
610 2177 681 2228 deeris
695 2176 766 2228 miles
780 2178 817 2234 Ρ.
867 2174 927 2235 586.
945 2175 1004 2234 Un.
1020 2192 1055 2229 ex
1073 2183 1137 2247 opt.
1148 2178 1202 2228 Ilo·

127 2290 261 2339 munasqne
272 2271 371 2339 aquilas
381 2299 414 2310 —
424 2271 508 2327 habet.
542 2271 601 2341 589.
622 2270 679 2330 Un.
696 2287 733 2323 ex
746 2279 810 2342 opt.
827 2289 908 2322 moros
918 2281 966 2323 ret.
978 2299 1012 2310 -
1024 2269 1131 2323 Horat.
1145 2270 1203 2322 0d.

126 2365 181 2433 IV,
196 2367 243 2433 15,
254 2369 281 2433 4.
302 2367 369 2429 Tuo,
380 2365 481 2430 Caesar,
492 2375 597 2416 aelus—
614 2367 649 2416 Et
659 2365 733 2435 signo
743 2374 825 2417 nostro
836 2364 944 2416 restituit
954 2365 1012 2417 Iovi
1017 2364 1128 2432 Derepta
1137 2365 1205 2413 Pur·

126 2463 225 2514 thorum
242 2459 354 2527 superbis
364 2460 495 2513 Postibus.
513 2456 557 2515 ld.
572 2457 669 2528 Epist.
686 2457 719 2524 l,
739 2473 787 2522 tt,
807 2473 848 2526 27.
868 2458 909 2509 tus
919 2458 1095 2526 imperiumque
1102 2459 1204 2510 Phruu-
1302 2500 1303 2506 ,

126 2564 163 2605 tes
179 2554 294 2605 Caesonis
305 2554 412 2619 accepit,
423 2554 527 2621 genibus
538 2553 626 2604 minor.
681 2553 744 2622 590.
762 2550 820 2606 Un.
836 2549 912 2602 Solvit
920 2561 948 2601 et
961 2569 1020 2621 agn.
1031 2581 1066 2590 -
1080 2551 1155 2604 Tres
1167 2573 1204 2604 re·

124 2656 205 2712 perta.
233 2645 267 2696 ln
286 2643 411 2696 nummis
428 2643 545 2715 aliquot
558 2645 695 2715 Augusto
709 2642 855 2698 dedicatis
871 2642 1026 2698 alternent
1041 2644 1204 2718 inscriptio

126 2743 154 2797 S.
168 2741 205 2795 P.
222 2741 256 2808 Q.
273 2741 310 2795 R.
326 2739 410 2809 Signis
424 2740 533 2806 receptis.
583 2739 645 2807 5qt.
661 2737 719 2796 Un.
733 2753 768 2790 ex
781 2745 845 2807 opt.
855 2737 943 2789 solitas
952 2767 986 2778 ·—
997 2740 1117 2808 sagittam
1134 2739 1205 2793 hinc

128 2833 170 2887 Hs
183 2847 258 2890 mov.
270 2833 326 2902 Quo
340 2834 422 2888 tibin.
435 2833 522 2886 solitus
535 2859 560 2869 -—
576 2833 694 2901 sagittus.
739 2831 800 2900 592.
818 2829 876 2884 Un.
890 2846 925 2882 ex
940 2840 1003 2901 opt.
1013 2831 1127 2903 prrficgi.
1146 2831 1205 2884 Ho-

127 2937 187 2985 rat.
206 2927 357 2996 0d.1.19‚
373 2943 414 2985 ιι.
434 2927 507 2980 versis
519 2927 656 2977 animosum
670 2925 738 2992 equit
748 2924 889 2980 Parthum.
906 2921 951 2981 Id.
966 2923 1009 2991 ΙΙ,
1028 2925 1074 2990 13,
1090 2943 1131 2996 17.
1151 2929 1205 2978 Mu·-

127 3023 162 3074 ies
175 3019 295 3088 (timet)
310 3021 417 3090 saginas
432 3033 454 3073 et
470 3019 674 3088 ookremfizgum
684 3019 789 3075 Parthi.
836 3017 902 3088 59&
916 3017 982 3071 Hoc
999 3017 1111 3072 factum
1128 3035 1154 3078 a.
1168 3020 1206 3079 U.

126 3114 187 3184 734.
206 3129 233 3172 a.
250 3113 284 3170 G.
308 3129 348 3171 eo.
367 3113 535 3184 Bssnogius
547 3111 606 3182 le'g.
623 3114 702 3164 vietus
717 3120 769 3164 sut
784 3124 878 3179 nuptm
888 3142 921 3152 -
936 3112 994 3172 Un.
1006 3123 1071 3185 opt.
1086 3127 1102 3166 n
1117 3131 1207 3168 mauu

126 3210 215 3282 prim.
229 3211 317 3273 victor,
337 3207 395 3260 duo
411 3209 499 3275 pictos.
528 3205 575 3258 cf.
594 3204 626 3270 1,
643 3204 705 3272 646.
751 3205 813 3274 595.
829 3205 897 3258 Duo
911 3217 972 3278 opt.
985 3217 1015 3261 et
1030 3207 1068 3266 al.
1082 3209 1206 3280 plurimi

126 3305 165 3354 his
172 3303 236 3366 ulto,
250 3299 332 3371 quod
341 3299 382 3352 Hs
398 3315 478 3364 roc..
494 3317 586 3357 nonu.
601 3301 639 3350 bis
649 3301 744 3364 ultum,
769 3309 827 3356 eet.
839 3301 966 3372 Bt‘sultor,
984 3319 1036 3359 un.
1051 3313 1129 3358 omn.
1142 3313 1207 3373 opt.

127 3412 264 3460 numenque
281 3395 319 3443 his
329 3393 419 3449 uittam.
451 3392 564 3446 Nomen
582 3393 717 3444 Bisultoris
731 3392 827 3463 eiutq.
845 3395 988 3465 templum
1004 3394 1034 3446 ln
1048 3395 1206 3465 ,Capitolio

129 3483 262 3554 lepidum
274 3492 321 3536 est
335 3495 530 3538 eonunentum
541 3479 742 3540 librariorum
751 3498 781 3540 et
794 3487 1063 3558 urehueologorum
1075 3487 1204 3557 aliquot,

129 3575 211 3646 quod
234 3591 332 3646 nequo
353 3575 514 3647 scriptoris
538 3579 711 3651 cuiusquam
735 3595 791 3632 neo
815 3595 1001 3634 nummorum
1022 3581 1205 3633 auctoritate

130 3669 337 3727 confirmatur.
389 3671 452 3740 596.
474 3672 564 3725 Multi
581 3681 612 3725 et
634 3670 704 3728 edd.
723 3681 793 3724 ente
807 3671 850 3724 Hs
869 3675 1010 3738 Μαίης
1037 3671 1158 3730 melior.
1172 3675 1207 3722 Et

128 3781 204 3827 men,
222 3761 303 3832 quod
314 3761 357 3817 Hs
374 3778 437 3822 ruo.
453 3763 488 3804 -“-
501 3763 591 3818 Multi
606 3775 636 3819 et
650 3765 717 3822 edd.
731 3765 794 3831 roei,
808 3765 851 3818 Hs
865 3782 928 3825 ree.
947 3769 1017 3824 votis.
1054 3767 1116 3836 597.
1129 3765 1205 3818 Tros

129 3865 195 3928 opt.
208 3856 339 3924 mmmm,
354 3857 437 3927 quod
449 3857 491 3910 lle
503 3873 580 3924 reo..
594 3869 651 3920 eet.
662 3875 765 3913 ornnes
779 3861 924 3926 Sollemnss,
939 3859 1021 3930 quod
1032 3859 1160 3916 servavi.
1172 3888 1207 3901 -

127 3949 196 4004 Duo
213 3959 278 4020 opt.
295 3960 326 4004 et
338 3951 464 4022 plurimi
480 3951 519 4008 al.
535 3953 650 4019 Circum,
664 3971 715 4012 un.
732 3954 811 4020 eirea,
825 3953 912 4006 multi
925 3955 1010 4018 Circo,
1022 3953 1104 4024 quod
1119 3969 1144 4006 o.
1162 3953 1204 4006 Hs

128 4042 246 4116 recepi,
258 4053 315 4105 ott.
329 4046 408 4104 Circi.
424 4045 467 4099 Hs
478 4045 556 4115 plat.
569 4048 698 4100 &Homnae
709 4049 782 4100 ludos
791 4044 902 4115 Circum,
913 4046 1016 4109 Burm.
1024 4048 1142 4100 Sollernm‘
1149 4049 1205 4100 Cir·

128 4151 185 4189 oum
200 4137 268 4194 ludo.

113 4273 127 4310 s
294 4306 299 4317 ,
970 4232 1011 4300 16
