2906 4836
245 294 285 368 aa
583 299 622 367 r.
643 297 780 372 onon
802 297 977 386 nasonis

240 483 303 559 415
318 480 540 545 Nonnocuisse
547 502 658 565 parum
667 486 1185 572 esteprodestquoqueequoslupa
1192 489 1309 570 nutrit,

364 589 512 650 Perdere
536 587 695 672 cognatae
717 593 904 654 sustinuere
925 613 1044 660 manus.

325 697 498 773 Constitit,
522 709 556 758 et
578 696 677 757 cauda
698 696 1011 762 tenerisvblanditur
1033 701 1179 780 alumnis,

362 807 406 864 Et
427 803 523 886 lingit
543 804 652 884 lingua
673 824 814 887 corpora
836 807 911 867 bina
932 822 999 867 sua.

323 913 428 972 Marte
450 924 534 973 satos
556 911 678 991 scires3
700 914 799 974 timor
821 913 943 975 abfuit:
966 913 1070 976 ubera
1091 915 1226 995 ducunt,

241 1021 302 1091 420
364 1021 433 1080 Nec
453 1019 516 1080 sibi
536 1018 690 1102 promissi
712 1019 808 1080 lactis
830 1024 961 1082 aluntur
985 1042 1058 1104 ope.

322 1127 382 1186 llla
403 1127 477 1187 loco
500 1147 617 1189 nornen
638 1126 721 1188 fecit
729 1149 740 1206 3
763 1127 854 1187 locus
877 1127 948 1210 ipse
970 1129 1141 1210 Lupercis.

362 1235 476 1316 Magna
498 1233 564 1294 dati
585 1233 697 1294 nutrix
717 1234 864 1316 praemia
885 1233 979 1296 lactis
1000 1233 1110 1294 habet.

323 1338 412 1432 Quid
432 1352 522 1402 vetat
542 1339 683 1401 Arcadio
706 1340 810 1402 dictos
832 1362 849 1401 a
869 1350 978 1401 monte
1000 1342 1193 1422 Lupercos?

360 1449 491 1508 Faunus
513 1447 547 1506 in
567 1445 708 1506 Arcadia
729 1447 851 1528 templa
871 1449 1014 1528 Lycaeus
1036 1446 1145 1512 habet.

197 1561 203 1571 '
239 1553 299 1632 aas
318 1556 444 1636 Nupta,
475 1555 554 1638 quid
576 1553 771 1635 exspectas?
801 1574 866 1614 non
896 1566 932 1614 tu
961 1554 1161 1636 pollentibus
1182 1555 1304 1633 herbis,

361 1663 429 1722 Nec
449 1679 571 1743 prece,
594 1679 655 1721 nec
677 1661 805 1742 magico
826 1661 966 1728 carmine
987 1673 1092 1722 mater
1114 1662 1193 1728 eris.

319 1765 443 1848 Excipe
464 1765 625 1828 fecundae
647 1767 813 1850 patienter
834 1769 973 1832 verbera
997 1767 1148 1830 dextrae:

358 1873 424 1931 Iam
446 1891 541 1932 socer
564 1885 710 1955 optatum
730 1893 848 1935 nomen
868 1873 1003 1935 habebit
1025 1874 1087 1940 avi.

316 1981 396 2040 Nam
417 1978 482 2040 fuit
503 1979 559 2040 illa
582 1979 671 2056 dics,
695 1979 776 2040 dura
797 2001 896 2063 quum
918 1994 1008 2043 sorte
1030 1981 1167 2044 maritae

235 2086 297 2159 430
357 2084 553 2146 Reddebant
573 2086 663 2147 uteri
683 2086 822 2168 pignora
843 2107 918 2147 rara
940 2087 1001 2148 sui.
1121 2091 1123 2096 “

318 2191 407 2282 Quid
428 2191 524 2268 mihi,
548 2191 722 2266 clamabat,
744 2191 883 2274 prodest
904 2194 1054 2277 rapuisse
1077 2192 1226 2274 Sabinas,

355 2299 512 2359 Romulus
533 2335 574 2346 -
595 2299 655 2360 hoc
676 2298 735 2360 illo
758 2312 891 2382 sceptra
913 2313 1047 2378 tenente
1069 2300 1134 2362 fuit
1153 2335 1195 2350 --

315 2403 350 2466 Si
372 2426 443 2466 mea
464 2426 529 2466 non
550 2407 654 2480 vires,
677 2405 733 2466 sed
753 2407 876 2466 bellum
897 2406 1018 2467 iniuria
1039 2407 1138 2468 fecit!

356 2513 477 2573 Utilius
500 2512 610 2573 suerat
631 2533 695 2573 non
716 2513 861 2574 habuisse
884 2533 994 2574 nurus.

234 2619 294 2694 435
315 2623 423 2680 Monte
447 2619 506 2680 sub
528 2619 696 2701 Esquilio,
719 2621 829 2682 multis
852 2621 1027 2682 incaeduus
1050 2622 1141 2683 annis

354 2726 486 2788 Iunonis
508 2747 640 2807 magnae
661 2728 791 2790 nomine
814 2729 905 2788 lucus
928 2741 1011 2789 erat.

1204 2898 1303 2920 usn-ud

297 3020 358 3087 415,
382 3019 439 3076 Un.
455 3018 564 3071 melior
582 3023 647 3086 estod
662 3022 733 3088 lupa,
757 3018 922 3088 eleganter,
942 3029 975 3072 ut
993 3019 1034 3073 nit
1052 3019 1105 3078 Hs.
1149 3020 1211 3088 416.
1228 3021 1296 3073 Duo

230 3113 348 3176 Prodere,
356 3111 487 3181 quost
498 3127 558 3166 rec.
571 3121 600 3163 et
609 3110 746 3178 nuperB.
758 3111 845 3162 (lru's.
852 3137 861 3178 5
878 3112 972 3164 ceteri
981 3129 1081 3166 ornnes
1090 3115 1206 3178 Perdere,
1217 3111 1298 3183 quod

231 3201 383 3272 c0Gierig.
397 3201 526 3254 reddidi.
563 3206 623 3272 417.
638 3203 747 3281 Quinq.
758 3206 885 3261 Substitit.
920 3206 981 3272 418.
997 3206 1071 3259 Tres
1087 3205 1298 3276 melionliegit,

230 3293 659 3366 quodCiof.etNeap.placet;
673 3295 829 3347 aliilembit.
856 3299 915 3370 419.
933 3298 995 3349 Alii
1005 3311 1108 3368 sugunt.
1135 3301 1196 3365 410.
1208 3299 1296 3375 Quat.

228 3389 272 3444 Et.
281 3387 411 3441 -Multi
420 3391 549 3457 permissi,
563 3388 614 3440 alii
625 3392 757 3458 promissa.
776 3389 818 3443 Hs
833 3407 907 3450 mav.
925 3409 940 3446 e
958 3391 1045 3451 duob.
1061 3393 1097 3444 Et
1110 3395 1160 3444 sibe·
1170 3394 1295 3460 permissi,

227 3479 328 3538 Burni.
340 3491 437 3533 nostr.
448 3481 605 3550 praetulit.
625 3513 627 3518 ,
643 3485 702 3548 411.
722 3481 866 3538 Meliorcs
878 3486 938 3552 epse,
956 3487 1050 3539 ceteri
1064 3487 1115 3544 elle.
1130 3517 1164 3526 -
1179 3485 1296 3555 Pleriq.

227 3574 358 3640 Lupercal,
369 3590 420 3629 1111.
434 3574 571 3642 Lzeperens.
591 3573 644 3631 Hs.
658 3589 731 3632 mcv.
749 3577 805 3626 inde
819 3577 950 3644 Lupercal,
985 3579 1045 3646 423.
1065 3579 1154 3634 Multi
1169 3581 1242 3650 Quis.
1260 3609 1295 3618 —-

226 3665 269 3717 Hs
282 3681 355 3724 mov.
373 3669 467 3724 ductos.
482 3695 514 3743 -ᾒ
528 3665 593 3719 Duo
612 3672 641 3719 de
659 3680 749 3726 monte,
789 3672 850 3737 4²4.
875 3671 1101 3739 Burm.Lyeeus.
1119 3670 1212 3736 (11.1,
1231 3671 1292 3740 395.

226 3759 286 3825 425.
305 3759 395 3813 Multi
404 3762 568 3827 pallentibus,
578 3781 637 3829 tciri,¹
658 3765 786 3821 urielihus.
822 3767 883 3831 427.
903 3765 977 3818 Tres
990 3771 1093 3834 caudae,
1109 3768 1167 3819 duo
1183 3767 1292 3834 polanae,

225 3853 286 3916 428.
310 3853 392 3906 Unus
412 3857 504 3922 optati,
530 3855 611 3925 quod
632 3855 673 3908 Hs
692 3867 726 3908 ut
752 3857 928 3910 concinnius
948 3875 1027 3924 rcc.,
1055 3859 1151 3914 ceteri
1173 3869 1295 3925 optatum,

227 3959 313 4012 quam
323 3947 405 4015 vulg.
420 3947 491 4000 lect.
506 3949 640 4001 restitui.
681 3953 742 4020 429.
766 3950 822 4007 Un.
840 3951 913 4007 dire(
950 3951 1011 4018 434.
1036 3952 1158 4022 Septem
1172 3955 1295 4018 rapuisse·

225 4035 356 4115 4311111.
371 4041 501 4106 Esquiliis,
519 4040 595 4093 alius
606 4043 717 4094 Escnleo.
729 4074 763 4084 —
775 4042 837 4095 Alii
847 4044 972 4100 incidens.
1008 4044 1069 4103 436.
1091 4043 1167 4098 Octo
1183 4047 1292 4102 nurnine.

225 4128 326 4183 Varro
339 4129 412 4187 L.L.
424 4131 474 4192 lV.
484 4152 512 4204 p.
524 4135 562 4192 15.
583 4137 617 4186 In
626 4135 745 4204 Esquiliis
754 4137 938 4192 iucusIuncnis
947 4139 1070 4195 Lucinae.
