2906 4836
244 262 287 330 m
580 253 617 316 r.
641 255 974 325 0v1o11msoms

330 441 437 531 Quum
458 424 564 498 suhilo
585 448 676 498 motu
695 438 798 499 nubes
819 455 981 521 crepuere
1005 435 1170 499 sinistrae.

368 543 512 605 Rettulit
533 543 591 604 ille
613 544 751 624 gradus,
772 546 1038 626 horrueruntque
1061 563 1181 608 comae.

325 652 489 727 Pulcher,
513 662 547 710 et
566 651 702 714 humano
722 652 846 729 maior,
867 651 1048 733 trabeaque
1071 649 1213 712 decorus

365 759 522 820 Romulus
543 756 578 817 in
598 757 704 818 media
725 757 948 822 virutadeeoe
969 759 1034 833 via,

245 871 303 936 505
324 871 368 930 Et
391 867 509 932 dixisse
532 863 644 944 simul,
665 865 812 927 Prohibe
833 868 951 948 lugere
976 864 1145 958 Quirites:

364 977 432 1037 Nec
450 973 576 1038 violent
596 971 740 1034 lacrimis
762 972 892 1034 numina
911 982 1025 1032 nostra
1046 972 1122 1031 ruis.

324 1085 414 1142 Tura
427 1079 556 1155 ferant,
579 1079 775 1162 placentque
795 1098 914 1143 novum
928 1079 983 1160 pia
1003 1078 1101 1139 turha
1120 1077 1308 1170 Quirinum,

363 1189 407 1250 Et
428 1185 551 1268 patrias
572 1197 660 1246 artes
682 1183 896 1268 militiamque
919 1185 1037 1251 colant.

323 1293 438 1369 Iussit,
461 1303 495 1352 et
515 1291 549 1352 in
570 1303 685 1352 tenues
707 1290 809 1352 oculis
829 1291 961 1356 evanuit
983 1310 1085 1358 auras.

242 1405 301 1470 5¹0
364 1400 527 1464 Convocat
547 1396 602 1459 hic
623 1399 781 1480 populos,
804 1397 958 1480 ,iussaque
976 1399 1078 1464 verba
1099 1400 1219 1464 refert.

315 1506 458 1590 'Templa
480 1505 542 1571 deo
563 1504 655 1569 fiunt.
697 1505 800 1568 Collis
823 1525 952 1588 quoque
975 1506 1083 1568 dictus
1106 1507 1153 1568 ab¹
1167 1507 1237 1585 illo,

361 1617 405 1675 Et
425 1612 579 1674 referunt
601 1610 686 1673 certi
709 1631 802 1672 sacra
822 1625 960 1695 paterna
982 1611 1061 1675 dies.
1251 1623 1254 1629 '

321 1723 393 1782 Lux
415 1737 545 1802 quoque
567 1739 625 1780 cur
647 1717 760 1781 eadem
780 1719 965 1782 Stultorum
985 1719 1071 1782 festa
1091 1731 1241 1796 vocetur,

359 1823 499 1907 Accipe:
522 1845 623 1907 parva
644 1825 778 1906 quidem
800 1845 911 1905 cauea,
934 1825 991 1887 aed
1012 1838 1086 1908 apta
1109 1827 1233 1889 subest.
1258 1875 1261 1884 ,

239 1935 299 1998 5ιό
320 1937 392 1997 Non
412 1931 528 1993 hahuit
547 1931 648 1992 tellus
671 1929 782 1994 doctos
805 1932 936 2015 antiqua
959 1934 1109 1996 colonos:

361 2039 541 2102 Lassabant
562 2038 663 2118 agiles
686 2055 798 2119 aspera
819 2037 907 2100 bella
927 2039 1029 2106 viros.

319 2148 398 2208 Plus
421 2157 493 2206 erat
515 2145 549 2204 in
571 2142 700 2226 gladio,
723 2164 818 2225 quam
840 2164 940 2209 curvo
962 2147 1067 2208 laudis
1090 2161 1220 2212 aratrot

356 2253 535 2337 Neglectus
556 2249 686 2312 domino
707 2269 812 2334 pauca
832 2250 963 2314 ferebat
984 2275 1071 2336 ager.

318 2364 423 2426 Parra
443 2374 551 2423 tamen
571 2371 704 2423 veteres
727 2357 907 2436 iaciebant,
930 2359 1021 2420 farra
1041 2362 1218 2442 metebant,

128 2471 135 2480 ’
237 2474 298 2536 520
358 2467 525 2530 Primitiae
546 2465 664 2532 Cereri
686 2463 776 2525 farra
797 2477 927 2527 resecta
949 2465 1077 2536 dabant.

317 2575 433 2638 Usibus
454 2571 608 2636 admoniti
628 2571 764 2634 flammis
786 2572 942 2636 torrenda
964 2573 1139 2653 dederunt,

355 2683 521 2766 Multaque
542 2692 677 2766 peccato
699 2677 811 2742 damna
832 2684 941 2742 tulere
963 2697 1031 2744 suo.
1072 2743 1075 2748 Δ

315 2792 396 2854 Nam
416 2788 510 2851 modo
530 2787 709 2854 verrebant
729 2787 839 2870 nigras
859 2807 923 2870 pro
945 2787 1036 2848 l'arre
1057 2787 1196 2854 favillas.

329 2900 447 2960 ¹Nunc
471 2896 557 2980 iprae
578 2895 672 2978 ignes
694 2895 891 2980 corripuere
913 2913 1008 2959 casas.

284 3153 345 3207 ὕοι.
361 3147 452 3202 Multi
461 3165 528 3214 seper
535 3157 651 3196 tremuere
662 3154 712 3197 aut
720 3165 829 3211 sonuere,
845 3146 926 3216 quid.
934 3149 1009 3198 nubes
1018 3167 1116 3214 crevere,
1123 3165 1299 3219 umcrepuerc.

233 3245 276 3312 Hs
286 3244 356 3296 hinc
365 3258 427 3300 rec.
437 3244 511 3292 nubes
518 3256 639 3308 crepuere.
656 3237 739 3291 Unus
745 3241 835 3306 species
842 3259 951 3299 sonuere.
976 3242 1036 3300 50².
1049 3241 1299 3308 hlullihorvuerant,

233 3337 293 3394 505·
309 3335 370 3389 Pro
377 3337 454 3387 simul
462 3333 503 3386 Hs
510 3319 585 3390 ¹ntur.
595 3333 658 3390 viro.
692 3332 753 3391 506,
766 3331 882 3404 Pleriq.
891 3336 941 3392 Ne.
973 3335 1035 3404 509.
1050 3334 1092 3388 Hs
1101 3350 1176 3388 mav.
1185 3347 1232 3392 ten,
1242 3341 1296 3386 elta·

233 3433 290 3484 nuit
298 3432 429 3487 ociuscur.
439 3437 490 3480 aut
501 3439 596 3479 tenuem
607 3446 637 3476 ex
649 3428 712 3483 ocul.
724 3429 821 3479 evanuit
832 3447 931 3485 aurum.
959 3429 1022 3484 510.
1036 3429 1125 3484 Multi
1135 3441 1228 3497 patres,
1244 3427 1298 3481 alii

232 3524 346 3597 pleriq.
358 3525 470 3592 populos,
482 3519 563 3593 quod
577 3520 619 3572 Hs
632 3535 695 3576 rec.
710 3519 773 3578 [sir.
784 3519 815 3585 I,
828 3521 869 3578 16.
882 3524 1007 3574 Proculus
1019 3525 1045 3574 in
1060 3523 1297 3591 concionemprodit,

231 3620 294 3678 ⁵11.
310 3617 487 3686 Umfivoiunt,
501 3614 576 3668 aliua
584 3625 689 3683 ponunt.
715 3614 776 3680 514,
793 3613 853 3678 Pro
861 3618 951 3682 subest,
961 3615 1100 3690 duofides,
1110 3615 1297 3688 quostfidc

233 3714 389 3787 (hostici)
402 3709 591 3766 scribendum
598 3715 695 3779 putat·
714 3706 1063 3777 Trescausacpcrtatamen5
1078 3727 1128 3768 un.
1138 3719 1297 3778 aptatamm,

232 3807 294 3865 520.
310 3805 399 3882 Quid.
408 3804 526 3863 melior,
535 3814 626 3865 secata,
637 3818 686 3856 un.
699 3812 802 3867 reperta.
834 3803 894 3862 tn.
908 3801 1297 3860 Un.edocti.-Exundeeim

233 3914 296 3954 rec.
305 3898 347 3952 Hs
355 3903 449 3964 dedere,
461 3913 517 3968 ego
530 3897 599 3953 lect.
610 3903 740 3953 cotenon.
751 3895 884 3953 restitui.
912 3898 969 3964 524.
988 3897 1131 3951 Undecim
1143 3899 1206 3968 igni,
1215 3895 1297 3969 quod

232 3989 275 4041 He
284 4005 357 4056 rect,
371 4006 427 4061 ego
443 3987 558 4044 servavi
570 3996 701 4044 eeteror.
713 3985 785 4046 lect.
803 3986 1088 4062 cf.vtrg.E.V111‚
1106 3992 1164 4050 105.
1180 3991 1297 4057 corripuit

233 4081 343 4134 tremulis
349 4084 440 4134 altaria
439 4083 560 4153 flammis
569 4079 639 4133 Ciuis
650 4081 709 4148 ipse.
726 4077 866 4135 Teubner
874 4085 1047 4156 transponit
1057 4088 1133 4155 Ipsus
1141 4105 1207 4139 nunc
1218 4088 1297 4159 ignes·
