2846 4822
435 305 665 370 Ftsrouutt
687 308 768 368 LlB.
791 308 845 376 Vl.
1114 311 1176 382 263

109 489 244 572 spargit
266 486 358 570 aquis
380 486 507 566 alitus,
538 499 572 548 et
594 508 675 570 quae
698 489 900 554 medicamen.
915 489 1123 571 'habebanta

146 600 295 677 Extaque
317 593 358 656 de
379 615 480 676 perce
501 595 602 656 cruda
622 595 779 658 bimestre
800 609 903 664 tenet.
929 655 932 664 ,

105 707 214 784 Atque
237 703 301 778 ita,
324 700 438 764 Noctis
459 721 553 776 aves,
577 701 660 764 extis
680 703 878 785 puerilibus,
901 705 1020 788 inquit,

145 807 297 872 Parcite!
320 827 383 892 pro
404 827 507 890 parvo
528 806 661 872 victima
682 829 782 890 parva
805 810 901 876 cadit.
1121 812 1179 876 160

108 919 175 978 Cor
196 936 257 998 pro
280 915 400 992 corde,
421 934 559 997 precor,
581 935 644 997 pro
665 913 760 974 fibris
783 918 901 980 sumite
922 917 1031 980 fibras.

146 1025 237 1082 Hauc
259 1022 394 1082 animam
417 1021 507 1084 vobis
528 1043 590 1104 pro
612 1023 750 1084 meliore
773 1022 895 1089 damus.

108 1130 162 1192 Sic
183 1129 240 1188 ubi
262 1127 396 1203 libavit,
418 1143 571 1209 prosecta
592 1129 651 1190 sub
675 1129 811 1192 aethere
834 1130 942 1214 ponit:

149 1235 280 1329 Quique
302 1234 403 1294 saeris
424 1233 557 1312 adsunt,
581 1237 750 1319 respicere
773 1237 830 1298 illa
851 1250 952 1304 vetat.

108 1343 277 1423 Virgaque
299 1340 416 1402 lanatis
437 1342 477 1402 de
500 1342 592 1425 spina
614 1343 747 1425 ponitur
770 1343 854 1419 albu,
1125 1345 1182 1409 165

148 1449 221 1542 Qua
241 1449 351 1508 lumen
372 1447 522 1510 thalamis
543 1470 643 1532 parva
665 1451 813 1512 fenestre
835 1449 943 1511 dabat.
1044 1450 1048 1458 '

107 1560 189 1618 Post
211 1555 295 1616 illud
315 1575 377 1616 nec
400 1575 475 1618 aves
497 1575 597 1618 cunas
619 1556 756 1620 violasse
778 1556 945 1632 feruutur,

148 1666 191 1724 Et
212 1661 315 1722 rediit
335 1682 460 1743 puero,
483 1664 539 1744 qui
561 1663 626 1726 suit
648 1676 740 1739 aute,
763 1663 878 1726 celer„

178 1803 235 1869 ¹57·
256 1801 324 1852 Duo
339 1817 373 1851 ex
391 1811 454 1870 opt.
473 1814 496 1852 et
513 1821 587 1868 quoe,
604 1804 685 1872 quod
696 1802 815 1872 recepi,
832 1811 891 1860 cet,
907 1817 986 1857 omn.
998 1813 1021 1852 et
1032 1819 1120 1868 cquae.
1137 1803 1179 1856 Hs

109 1910 172 1950 rec.
187 1900 231 1946 sed
244 1913 305 1960 quoe
322 1893 437 1946 nullius
455 1893 521 1949 cccl.
537 1895 730 1964 auctoritate.
754 1893 882 1946 Praeter
903 1909 1007 1962 aquam
1021 1893 1108 1948 multi
1128 1895 1181 1947 alii
1253 1904 1255 1910 ’

108 1979 267 2062 καθαρμοὶ
279 1988 413 2054 (februa,
431 1987 572 2058 piamine,
587 1988 775 2059 purgamina,
790 1986 995 2044 medicamina.
1013 1987 1061 2038 Cf.
1072 1987 1110 2052 ll,
1125 1992 1181 2055 aa.)

110 2089 206 2136 eraut.
240 2081 319 2132 Hinc
332 2080 481 2134 Lucienus
497 2081 635 2151 Necycm.
648 2098 678 2152 p.
696 2098 753 2150 ¹⁰7·
770 2081 816 2137 ed.
832 2079 931 2136 Semb.
953 2069 1126 2156 περιήγνισέ
1145 2095 1182 2150 με

109 2169 182 2250 δαδὶ
195 2169 247 2230 καὶ
258 2169 366 2252 σκίλλῃ
376 2167 547 2246 καλᾶλλοις
559 2170 692 2231 πλείοσι.
715 2173 873 2244 ef.11‚573.
891 2173 1022 2243 lV‚7u5..
1032 2173 1071 2239 V,
1080 2175 1184 2243 677,-

111 2260 168 2314 158.
191 2259 244 2315 Un.
251 2259 438 2326 porco-Duo
450 2261 517 2318 mel.
527 2262 640 2316 timuere.
657 2258 779 2311 Bimrsne
791 2272 874 2308 more
889 2264 1055 2324 poetarum,
1066 2264 1100 2308 ut
1114 2254 1183 2309 bre·

107 2353 152 2406 ris
161 2353 213 2406 stet
225 2352 338 2422 syllaba
353 2363 494 2410 extrema.
531 2354 590 2410 160.
611 2353 685 2404 Tres
696 2369 772 2420 puero
785 2350 843 2407 vict.
853 2377 887 2387 -
903 2347 970 2420 Duc¹
979 2356 1088 2417 exopt.
1099 2349 1184 2402 datur.

9 2492 15 2500 .
107 2446 216 2498 Eadem
234 2446 571 2511 diversitas1‚388.-·
597 2446 687 2496 iteras
701 2442 766 2496 lobi
779 2441 857 2512 apud
871 2439 1020 2505 medicos;
1040 2437 1071 2490 in
1082 2437 1129 2490 his
1142 2437 1183 2488 ic·
1256 2458 1258 2462 ·

110 2556 179 2602 cur,
193 2540 268 2602 lien,
283 2557 349 2602 reu,
363 2539 531 2609 pulmones,
542 2537 627 2604 bilis,
643 2551 829 2608 quaccmues
845 2551 910 2588 cum
920 2532 1011 2604 corde
1025 2540 1095 2585 sunt
1106 2539 1183 2588 exta.

110 2627 219 2685 Noster
229 2634 268 2688 ut.
277 2633 341 2698 XV,
358 2633 414 2687 136.
430 2633 552 2682 Protinus
562 2642 655 2700 ereptas
669 2630 943 2702 vireruipectoreflhras
953 2628 1106 2694 Inspieiunt,
1117 2645 1183 2678 men-

111 2737 192 2790 tesque
205 2729 276 2776 deum
291 2738 433 2776 scrutantur
451 2727 476 2776 in
494 2725 553 2780 iltis,
579 2727 581 2732 '
601 2723 661 2779 163.
684 2721 707 2774 E
726 2721 845 2779 melior.
857 2722 900 2776 Hs
918 2738 982 2778 roc,
996 2721 1106 2784 oottrero,
1125 2729 1183 2777 cet.

110 2820 225 2882 ortlrera,
246 2817 310 2870 edd.
324 2834 417 2875 noun.
430 2821 493 2868 o‘e're.
519 2815 643 2870 Festus:
663 2817 731 2866 Exta
746 2817 829 2882 dicta,
848 2819 951 2882 quodue
964 2816 1013 2868 diis
1021 2822 1185 2878 prosecentur,

109 2929 172 2977 quoe
185 2912 290 2961 maxime
302 2921 384 2962 estant
395 2911 554 2976 eminentque.
575 2906 671 2964 idem:
691 2909 844 2974 Prosicinm,
856 2911 923 2974 quud
925 2917 1079 2974 prosecutum
1085 2905 1175 2973 prciici
1178 2931 1186 2947 ·

110 3017 160 3060 tur.
187 3002 303 3062 Aruob.
314 3001 378 3060 Vll,
389 3021 418 3072 p,
430 3003 489 3060 260.
510 3003 601 3054 Omnes
616 3003 663 3054 has
670 3013 769 3070 partes,
780 3019 843 3068 qrtos
849 3001 970 3068 prosicias
983 2997 1184 3070 (praesicias)

108 3099 208 3163 dt'cite's,
226 3099 333 3166 accipere
348 3099 387 3149 dii
405 3108 500 3153 entant.
545 3098 603 3164 164.
620 3095 687 3150 Duo
700 3113 735 3149 ex
748 3105 812 3166 opt.
832 3104 862 3148 et
878 3109 929 3147 sex
943 3091 982 3151 al,
994 3093 1073 3144 sacris
1083 3095 1186 3164 adsunt,

110 3192 192 3262 quod
207 3191 248 3245 Hs
265 3209 346 3257 rec„
366 3201 423 3248 cet.
439 3195 531 3248 adsunt
545 3192 633 3250 sacris,
651 3221 684 3231 -
706 3189 762 3246 Un.
779 3207 904 3258 respuere,
920 3172 983 3239 ties
996 3185 1142 3253 prospicere.
1152 3213 1186 3222 -·

108 3285 167 3342 Un.
178 3286 370 3342 metretam.
390 3283 547 3354 Cf.V,436.
584 3284 643 3340 165.
661 3279 1045 3354 Un.cxcpt.1l⁷aiolls,uude
1056 3278 1200 3334 Hsconi·

109 3380 218 3428 Moiotts
230 3377 285 3433 vel.
294 3379 405 3432 ramulis.
417 3375 478 3432 Cur
487 3377 586 3428 Ionolr's
595 3376 632 3432 cf.
642 3393 689 3446 ¹²9
695 3395 704 3442 ;
714 3393 821 3430 novum
828 3386 863 3429 ut
871 3375 938 3430 vide
943 3385 991 3428 tur
999 3371 1183 3426 vccabulum.

111 3467 217 3518 -Duo
226 3478 326 3537 optet
335 3469 458 3538 plurimi
468 3469 505 3526 al.
510 3472 619 3538 ponitur,
632 3469 712 3540 quod
721 3469 822 3539 recepi
829 3488 838 3535 3
857 3470 933 3522 idem
941 3464 1110 3540 prohatHs‚
1122 3463 1185 3520 lau.
1216 3500 1217 3506 ,

112 3559 224 3634 Ulitius
236 3575 310 3618 mar,
318 3564 441 3627 subditur,
452 3573 507 3618 cet.
518 3571 634 3620 cernitur.
649 3563 741 3636 Spina
749 3563 816 3614 alba
825 3563 948 3615 rhamno
959 3571 1004 3614 est
1014 3571 1186 3627 synonyma,

112 3654 149 3706 uc
160 3669 218 3724 qua
230 3670 323 3724 supra
337 3669 396 3720 uc.
412 3654 496 3707 usse
507 3643 610 3712 sosoi.
621 3657 763 3714 uteansr.
775 3655 935 3711 ruerem.
949 3646 1015 3718 Τὴν
1024 3643 1057 3704 δὲ
1066 3641 1187 3726 ῥάμνον

111 3738 276 3824 ἀλεξιάρην
288 3739 395 3824 φησὶν,
412 3743 449 3801 οὐ
459 3738 565 3817 μόνον,
582 3737 634 3805 ὅτι
643 3743 749 3823 ἀγαθή
763 3742 845 3804 irritu
856 3740 1024 3814 ἀπαλέξειν
1033 3739 1108 3813 τοὺς
1123 3741 1187 3801 ὑπὸ

111 3837 247 3920 ἑρπετῶν
261 3831 439 3916 πληγέντας
455 3840 516 3893 τοῦ
525 3833 667 3913 πάλους,
696 3839 767 3898 ἀλλ’
777 3833 831 3897 ὅτι
843 3836 896 3896 καὶ
907 3837 947 3910 εἰς
961 3835 1188 3918 φαντάσματα

111 3933 229 4010 βοηθεῖ.
259 3941 319 4011 167,
338 3939 468 3996 Eandem
477 3940 599 3992 vimotlio
610 3941 719 3994 tribuit
729 3947 853 3992 auctore
865 3939 980 3992 Titinio
989 3939 1095 3993 Scrcu.
1107 3939 1186 3993 Sum-

111 4049 191 4090 mou.
203 4036 279 4100 tclpi.
297 4038 429 4092 Praeterea
440 4035 465 4085 si
462 4034 537 4102 fiete
544 4036 633 4100 premit
644 4037 707 4086 retr
719 4046 776 4086 otrc
782 4034 876 4100 puellos
886 4033 979 4088 Vir-usa
988 4034 1135 4104 immulgens
1144 4051 1186 4086 esa

109 4131 181 4180 sertis
193 4130 267 4182 ulem
278 4131 362 4197 labris,
374 4129 450 4183 Allia
455 4130 577 4199 praecepit
592 4131 673 4182 Ttu'ut
684 4130 802 4182 sententia
817 4129 891 4190 necti,
