2876 4826
515 282 748 348 FASTORUM
776 281 855 350 ttss.
876 283 900 344 l.
1212 281 1252 347 35

165 473 261 552 Haec
285 468 339 531 ubi
362 465 578 542 transierint,
602 464 822 548 Capricorno,
852 461 1006 538 Phoebo,
1030 460 1165 540 relicto,

210 580 277 640 Per
298 575 429 642 iuvenis
452 591 570 636 curres
592 573 682 652 signa
704 571 852 651 gerentis
876 591 999 654 aquam.

167 792 335 876 Septimus
355 791 430 852 hinc
452 785 574 854 Oriens
595 805 695 868 quum
717 805 752 848 se
776 787 945 851 demiserit
967 787 1073 866 undis,
1124 875 1126 878 Ι

208 898 365 979 Fulgebit
386 909 459 960 toto
480 895 544 956 iam
564 895 651 974 Lyra
671 895 761 956 nulla
782 896 870 978 polo.

171 1112 293 1175 Sidere
315 1109 547 1192 abhocignis
568 1108 716 1173 venienti
737 1119 851 1184 nocte,
875 1110 996 1176 Leonis
1191 1109 1251 1172 055

206 1220 274 1311 Qui
295 1217 392 1280 micat
414 1219 449 1279 in
470 1217 579 1280 medio
601 1227 759 1299 pectore,
781 1235 911 1278 mersus
933 1217 1011 1280 erit.

169 1435 239 1495 Ter
261 1445 380 1517 quater
402 1431 511 1496 evolvi
534 1430 702 1514 signantes
725 1444 876 1516 tempora
897 1433 1006 1509 fastos,
1069 1473 1074 1478 -

209 1543 278 1602 Nec
298 1541 487 1605 Sementiva
507 1551 557 1601 est
578 1541 646 1600 ulla
667 1554 804 1623 reperta
827 1540 916 1602 dies:
1007 1543 1009 1550 '
1087 1534 1090 1538 ⁴

170 1647 280 1739 Quum
295 1646 376 1706 mihi
390 1682 431 1696 -
443 1646 545 1708 sentit
556 1649 643 1708 enim
653 1681 692 1696 -
703 1649 774 1710 Lux
785 1647 867 1710 haec
877 1644 1047 1723 indicitur,
1061 1646 1169 1730 inquit

209 1757 320 1815 Musa:
344 1754 424 1836 quid
445 1775 464 1816 a
484 1753 579 1816 fastis
598 1775 663 1815 uon
685 1765 770 1816 stata
791 1775 883 1816 sacra
904 1753 1018 1837 petis?
1190 1751 1251 1816 660

169 1861 278 1942 thue
301 1860 371 1921 dies
391 1862 520 1924 ineerta
542 1881 655 1936 sacro,
678 1863 725 1924 sie
746 1875 897 1947 tempora
920 1873 1025 1939 certa,

211 1967 397 2034 Seminibus
419 1967 513 2030 iactis
527 1981 584 2030 ,est
604 1968 662 2030 ubi
684 1969 774 2032 fetus
797 1989 887 2052 eger.

170 2076 263 2136 State
286 2075 433 2140 coronati
453 2076 587 2158 plenum
607 2076 649 2138 ad
668 2095 829 2160 praesepe
851 2076 997 2155 iuvenci,
1058 2145 1062 2152 ¹

212 2181 293 2243 Cum
312 2181 428 2264 tepido
447 2194 596 2246 vestrum
615 2203 696 2250 vere
718 2184 845 2246 redibit
867 2205 961 2268 opus.

168 2287 327 2350 Rusticus
350 2289 621 2376 emeritum‘pan
645 2290 820 2374 suspendat
841 2302 1005 2352 aratrum:
1189 2293 1250 2357 665

213 2393 318 2456 Omne
337 2395 537 2472 'reformidat
557 2399 678 2480 frigida
699 2399 815 2464 vulnus
834 2397 963 2458 humus.

168 2501 309 2579 Viliicc,
332 2501 374 2564 da
393 2504 544 2587 requiem
563 2519 695 2584 terrae,
717 2517 863 2568 semente
885 2515 1039 2588 peracta:

209 2609 261 2668 Da
282 2609 448 2692 requiem,
470 2623 595 2674 terram
617 2613 674 2696 qui
697 2614 850 2690 coluere,
872 2611 962 2677 viris.

167 2719 274 2797 Pagus
293 2727 368 2801 agat
388 2719 534 2799 festum3
555 2739 675 2802 pagum
696 2720 855 2786 lustrate.
879 2719 1000 2795 coloni,

211 2824 255 2885 Et
277 2823 351 2886 date
372 2827 506 2909 paganis
523 2844 632 2889 annua
652 2825 720 2889 liba
741 2825 834 2888 iocis.
1185 2825 1245 2905 670

233 3283 297 3340 ota.
312 3283 375 3336 Alii
394 3285 520 3338 transterit
534 3294 585 3340 aut
600 3287 737 3344 maurianis.
754 3285 797 3340 Hs
810 3299 885 3344 mar.
896 3286 1019 3340 Noe-aut
1031 3286 1091 3338 zue
1104 3286 1149 3337 att
1164 3295 1245 3337 trans·

166 3378 233 3435 serit.
287 3376 349 3436 obs.
373 3378 469 3438 Godd,
484 3393 586 3433 omnes
606 3380 721 3451 regentia
743 3377 867 3434 Hosius
890 3378 958 3436 cod.
977 3378 1058 3437 adid.
1075 3381 1193 3450 gerente.
1210 3407 1244 3418 -

165 3471 229 3525 Alii
243 3491 332 3540 aquau
373 3474 436 3532 653.
454 3471 516 3525 Atii
533 3474 667 3531 dimiserit,
706 3473 768 3541 654.
786 3473 848 3528 Pro
870 3484 919 3526 toto
941 3468 1080 3531 tis-man.
1089 3473 1174 3542 sasave
1193 3470 1241 3525 vel

152 3565 236 3634 fidae
251 3566 301 3620 vel
315 3569 400 3638 postlla.¹
434 3567 495 3636 667.
513 3567 682 3636 Uatfcatos,¹
719 3565 781 3622 668.
796 3563 862 3620 diii
876 3567 1029 3619 Semcminae
1043 3563 1242 3619 aartsmsnrita

165 3661 375 3728 autSsanentina,
389 3669 506 3716 utente
518 3661 572 3727 Hs,
591 3662 691 3732 quiex
706 3668 822 3732 septem
834 3667 934 3718 nostr.
949 3675 1013 3718 rec.
1046 3659 1109 3718 661,
1126 3655 1243 3728 Pieriq.

167 3754 262 3819 Μία,
287 3751 341 3805 alii
360 3771 433 3805 aucta
451 3765 501 3820 cat,
524 3756 662 3818 autsucrc'
683 3767 735 3821 est,
761 3757 825 3807 tres
848 3773 932 3821 sacro,
955 3752 1041 3825 quod
1060 3753 1103 3806 Hs
1123 3767 1186 3808 rec.
1209 3781 1227 3791 -

167 3845 230 3898 alti
244 3861 349 3917 tempore
360 3859 433 3908 canc,
468 3847 530 3906 tos.
548 3847 638 3901 Multi
655 3847 912 3916 vetustiorem,
928 3848 1007 3920 quod
1017 3839 1119 3906 burm,
1128 3845 1244 3918 placet,

69 3953 72 3960 ·
151 3937 228 4007 'tet
244 3941 392 3995 Francius
405 3956 454 4014 ap,
466 3941 577 4000 surm.
591 3941 656 3998 vuit
668 3943 741 3994 Dum
753 3941 783 4002 h.
796 3960 823 4000 e.
836 3946 922 4002 donau
956 3941 1105 4001 665.'Duo
1118 3941 1231 3994 Viilicus

163 4063 197 4076 ···
213 4033 421 4105 Utt.cuspendit,
465 4035 528 4096 666.
551 4035 612 4090 Alii
623 4036 741 4108 frigore,
782 4037 841 4102 668.
862 4037 1054 4116 ριιᾶῒ.’ῑει·ναε.
1098 4034 1161 4107 670.
1174 4033 1239 4088 'Pro

160 4128 212 4181 liba
229 4127 290 4184 duo
297 4129 384 4200 ficta,
935 4155 938 4162 ·
