2876 4826
488 299 722 364 FASTORUM
743 299 824 362 LIB.
846 299 871 357 Ι.

132 487 250 549 Martis
285 498 357 546 erat
388 483 514 567 primus
544 482 688 554 mensis,
724 479 929 570 Venerisque
964 479 1134 546 secundus.

174 597 266 654 Haec
290 591 419 671 generis
440 590 614 674 princeps,
644 588 748 671 ipsius
770 588 828 648 ille
850 600 957 669 pater.
1178 599 1215 662 40

133 702 270 764 Tertius
292 723 310 759 a
333 699 486 774 senibus,
510 683 664 760 iuvenum
687 696 727 756 dc
748 694 877 758 nomine
902 707 1047 777 quartus,

179 805 273 896 Quae
297 805 466 887 sequitur,
490 825 628 866 numero
650 803 749 864 turha
769 816 879 864 notata
902 804 976 863 suit.

132 915 178 974 At
199 917 302 974 Numa
332 933 394 974 nec
422 915 551 989 Ianum,
581 933 642 973 nec
670 913 774 977 avitas
799 913 964 994 praeterit
994 913 1134 998 umbras,

175 1019 343 1081 Mensibus
366 1021 508 1103 antiquis
532 1019 748 1104 apperuitque
772 1019 868 1082 duce.

128 1238 181 1298 Ne
203 1248 311 1296 tamen
332 1235 462 1317 ignores
485 1237 653 1300 variorum
676 1237 749 1298 iura
773 1238 921 1298 dierum:

176 1345 247 1404 Non
268 1343 366 1404 habet
386 1343 489 1404 officii
511 1345 649 1406 Lucii’er
673 1344 775 1405 omnis
799 1343 896 1408 idem.

130 1449 196 1508 Ille
225 1449 380 1510 Nei'astus
410 1451 498 1526 crit,
530 1473 592 1534 per
622 1473 717 1534 quem
748 1452 814 1512 tria
843 1451 944 1516 verba
973 1451 1132 1512 silentur:

172 1557 290 1616 Festus
313 1557 396 1632 erit,
418 1577 480 1639 per
502 1579 599 1640 quem
621 1560 696 1641 lege
718 1557 836 1619 licebit
858 1558 926 1636 agi3

130 1665 209 1724 Neu
231 1675 302 1723 toto
324 1675 474 1746 perstare
498 1665 551 1724 die
575 1687 631 1724 sua
655 1665 727 1724 iura
749 1664 892 1744 putaris:

175 1769 243 1862 Qui
264 1772 327 1829 iam
348 1773 464 1832 Fastus
487 1772 573 1846 c1·it‚'
593 1792 685 1832 manc
708 1771 860 1832 Nei'astus
884 1761 965 1829 erai.

128 1881 214 1941 Nam
242 1878 337 1938 simul
366 1892 439 1939 exta
472 1879 533 1939 deo
569 1863 644 1954 data
679 1891 772 1954 sunt,
814 1877 896 1938 licet
922 1875 1028 1936 omnia
1055 1874 1132 1954 fari,

173 1985 351 2073 ¹Verbaque
373 1987 551 2056 honoratus
573 1987 681 2048 libera
704 1999 842 2069 praetor
863 1984 971 2047 habet.

127 2094 194 2157 Est
217 2113 367 2176 quoque,
399 2114 463 2176 quo
486 2097 643 2178 populum
665 2095 715 2155 ius
737 2107 789 2156 est
811 2091 984 2153 includere
1009 2089 1131 2172 septis:

172 2199 232 2258 Est
249 2219 403 2281 quoque,
428 2205 484 2284 qui
507 2223 592 2262 nono
614 2221 746 2284 semper
768 2200 808 2260 ab
833 2199 914 2260 urhe
936 2197 1036 2258 redit.

127 2303 286 2374 Vindicat
305 2307 463 2366 Ausonias
484 2310 615 2368 Iunonis
637 2329 717 2370 cura
738 2307 918 2396 Kalendas:
1173 2306 1213 2370 55

177 2411 292 2472 Idibus
316 2414 387 2474 nlha
410 2415 480 2478 lovi
502 2415 657 2494 grandior
680 2435 762 2497 agna
785 2413 890 2473 cadit:
1165 2399 1168 2404 ¹

126 2523 298 2582 Nonarum
320 2524 424 2582 tutela
447 2523 507 2584 deo
530 2537 629 2594 caret.
681 2521 840 2586 Omnibus
862 2519 935 2578 istis
975 2513 977 2516 ’

173 2663 216 2674 —-
241 2631 288 2688 Ne
311 2629 446 2706 iuuare,
472 2651 550 2690 cave
572 2631 801 2712 —proximus
824 2631 906 2688 Ater
930 2626 1006 2686 erit.

134 2736 245 2798 Omen
267 2736 306 2796 ab
329 2751 450 2800 eventu
472 2751 537 2813 est,
562 2737 629 2798 illis
651 2760 725 2798 nam
745 2740 848 2800 Roma
870 2735 987 2796 diebus
1005 2805 1008 2810 v

172 2845 296 2904 Damna
318 2845 378 2906 sub
401 2844 537 2908 adverso
559 2843 670 2905 tristia
691 2847 796 2904 Marte
819 2843 908 2904 tulit.

129 2953 232 3011 Haec
252 2951 330 3011 mihi
354 2951 440 3012 dicta
462 2955 577 3033 semel,
601 2953 680 3012 totis
700 2951 872 3012 haerentia
892 2931 1002 3036 iistis,

174 3060 225 3118 Ne
248 3058 370 3118 scriem
393 3080 507 3119 rerum
528 3058 679 3119 scindere
703 3078 817 3139 cogar,
846 3069 955 3119 erunt.
1033 3087 1038 3096 .

198 3301 243 3372 39.
262 3301 310 3357 Cf,
329 3302 390 3367 ΙΙΙ,
410 3321 433 3360 1.
455 3301 510 3367 IV,
523 3302 564 3358 13.
577 3301 616 3366 V,
629 3301 736 3370 73.V1‚
751 3301 796 3359 88.
831 3307 874 3370 44.
890 3304 1029 3381 Quinque
1040 3309 1212 3374 apperuitque,

128 3395 242 3466 quode.
251 3395 292 3448 Hs
305 3399 423 3468 recepi3
442 3397 493 3448 alii
500 3399 697 3464 praeposuitque,
706 3415 758 3453 un.
766 3401 950 3466 postposuitque
954 3421 964 3464 ‚·
981 3411 1044 3452 tres
1055 3404 1154 3452 addidit
1162 3403 1211 3462 ille,

128 3487 314 3560 quodNeap.
325 3527 333 3554 ‚
345 3490 437 3546 Lenn.
454 3491 613 3544 ctMitaoh.
632 3509 694 3548 rec.
726 3491 770 3557 46.
786 3493 862 3545 Octo
876 3492 971 3565 ffcii,
989 3493 1121 3563 quost
1134 3510 1209 3556 rec,

128 3581 184 3635 alii
194 3582 320 3656 efficium.
348 3589 393 3656 49.
407 3586 594 3656 Pleriq.Neu,
606 3586 735 3656 quost
748 3603 810 3647 rec,
821 3585 915 3638 ceteri
924 3589 987 3640 Nee.
1000 3585 1209 3652 -Multipraa

125 3693 204 3734 stare.
213 3679 320 3732 -Duo
332 3692 446 3747 putare&
463 3680 515 3734 alii
526 3680 584 3732 duo
591 3684 694 3748 putetis.
729 3681 773 3734 51.
787 3681 844 3737 Un.
854 3684 934 3735 domo.
945 3679 1047 3734 Burm,
1055 3678 1209 3746 conifcco.
1223 3691 1224 3694 ’

127 3774 175 3838 54.
193 3773 364 3850 ραᾶῑ.νεηίἱ.
382 3775 428 3828 55.
441 3774 577 3831 Humav.
586 3777 706 3830 Iunonia.
723 3773 766 3831 56.
781 3775 839 3825 alda
848 3789 898 3830 un.
907 3774 960 3838 illa,
967 3771 1100 3828 Hmrnnv.
1108 3773 1210 3827 icta.-

129 3863 371 3942 Quinqnelior.
380 3872 459 3919 cadet.
469 3867 562 3924 Bene.
591 3869 634 3924 58.
646 3868 706 3921 Pro
715 3887 772 3920 cave
780 3867 866 3920 multi
880 3870 941 3923 ὀίω.
964 3867 1008 3936 59,
1021 3864 1088 3917 Duo
1099 3867 1209 3923 Nomen.

125 3958 176 4013 60·
194 3957 266 4012 Octo
277 3980 370 4025 averso,
381 3979 433 4016 un.
441 3963 568 4019 immenso.
581 3994 614 4004 —
627 3963 684 4017 Un.
694 3965 804 4033 grandia
813 3964 855 4018 M.
866 3959 941 4018 Edd.
952 3959 1058 4031 quaed.
1074 3959 1207 4016 fortasse
1226 3965 1229 3968 ¹

124 4052 219 4106 etiam
230 4053 314 4110 codd.
326 4057 464 4107 Martesub
475 4061 574 4108 aduerso
583 4059 666 4110 tristia
673 4061 764 4110 damna
772 4059 839 4112 tulit.
857 4055 900 4108 61.
915 4054 1075 4126 Eplcrisq.
1084 4057 1135 4114 Hs.
1146 4076 1209 4116 rec.

123 4149 199 4212 milri,
211 4147 306 4200 ceteri
316 4150 370 4206 tibi.
383 4153 426 4208 ΕΙ,
435 4147 491 4208 Un,
499 4159 561 4221 opt.
568 4155 675 4217 condere,
683 4151 1031 4224 ‹luofindcrc,un·fiurderu,
1038 4153 1207 4212 -Un.eum,
