2876 4826
199 281 240 346 '20
307 363 312 374 .
538 279 575 339 r.
601 278 738 348 ovum
760 277 936 342 utsoms

203 461 262 534 345
286 461 321 530 si
345 460 418 542 quis
443 473 529 535 erat,
554 461 756 542 factisprati
780 461 818 520 de
841 461 926 520 llere
949 459 1079 520 coronis

325 567 390 659 Qui
413 579 524 648 posset
547 567 651 630 violas
675 567 814 644 addere,
839 567 929 627 dives
953 579 1034 630 erat.

284 672 366 750 Hic,
390 673 446 754 qui
468 693 553 733 nunc
577 676 684 756 aperit
706 675 852 755 percussi
875 675 1003 736 viscera
1025 673 1125 750 tauri⁷

325 782 361 839 In
385 779 486 838 sacris
507 780 631 840 nullum
654 780 762 840 culter
785 780 924 841 habehat
946 800 1036 863 opus.

285 886 396 946 Prima
418 887 519 946 Ceres
541 885 653 949 avidae
678 887 785 966 gavisa
807 899 856 946 est
877 889 1032 970 sanguine
1060 905 1193 973 porcae,

204 997 263 1064 350
325 995 399 1056 Ulta
420 1012 492 1054 suas
514 993 632 1054 merita
655 993 752 1054 caede
775 995 925 1054 nocentis
947 1015 1038 1075 opes,

285 1105 364 1165 llam
387 1115 469 1178 sata,
489 1107 571 1164 'vere
593 1121 695 1176 noro,
719 1101 843 1160 teneris
866 1100 1021 1161 lactentia
1044 1099 1161 1174 suecis,
1213 1105 1215 1112 ’

325 1212 430 1270 Eruta
453 1209 618 1292 setigerae
641 1209 802 1290 comperit
823 1229 881 1269 ore
905 1207 979 1268 suis.

290 1319 352 1378 Sus
377 1315 514 1386 dederat
536 1334 668 1396 poenas.
712 1315 869 1396 Exemplo
892 1314 1031 1376 territus
1054 1311 1146 1370 huius

206 1496 207 1500 Ἰ
326 1423 465 1482 Palmite
489 1421 650 1482 debueras
674 1420 888 1498 abstinuisse,
913 1441 1021 1503 caper.

207 1530 266 1596 355
288 1529 395 1622 Quem
425 1541 573 1610 spectans
612 1527 730 1608 aliquis
761 1527 874 1588 dentes
903 1528 936 1586 in
965 1527 1032 1588 vite
1060 1537 1274 1606 prementem,

326 1636 418 1696 Talia
441 1656 506 1696 non
530 1633 630 1694 tacito
653 1633 740 1694 dicta
763 1634 875 1693 dolore
898 1633 1007 1692 dedit:

287 1743 393 1818 Rode,
411 1762 523 1824 caper,
536 1742 656 1806 vitem:
680 1754 787 1815 tamen
803 1739 887 1815 huic,
904 1759 1001 1820 quum
1014 1737 1112 1797 stabis
1125 1737 1165 1798 ad
1177 1757 1275 1812 aram,

329 1851 365 1906 ln
386 1860 441 1906 tua
464 1847 550 1928 quod
574 1848 682 1928 spargi
705 1867 828 1908 cornua
850 1846 966 1926 possit,
990 1844 1067 1904 erit.

287 1954 398 2023 Verba
420 1953 501 2012 lidcs
525 1955 694 2034 sequitur:
719 1974 818 2012 nexae
841 1952 902 2012 tibi
925 1950 1056 2012 deditus
1078 1951 1177 2010 hostis

206 2066 265 2130 δύο
327 2061 500 2142 Spargitur
524 2059 626 2120 allusu
651 2080 790 2135 cornua⁷
812 2057 955 2134 Bacche,
978 2079 1081 2118 mere.

292 2161 396 2250 Culpa
419 2167 469 2227 sui
491 2168 621 2228 nocuit:
653 2167 765 2226 nocuit
790 2185 919 2248 quoque
943 2166 1038 2246 eulpa
1060 2166 1217 2248 capellae.

331 2274 421 2366 Quid
441 2275 520 2350 bos,
544 2274 623 2356 quid
644 2273 792 2366 placidae
816 2271 1056 2335 commeruistis
1079 2273 1179 2336 eves?

262 2609 323 2673 345.
346 2606 509 2676 Alllfirtctt's
524 2611 677 2676 aulflceeir,
693 2625 742 2664 un,
759 2607 848 2672 plert's.
861 2605 979 2657 Medius
992 2605 1118 2659 Norant,
1134 2603 1218 2659 lectt.
1232 2619 1282 2671 ep.

209 2701 252 2756 63.
270 2701 417 2770 leg.fleris
434 2709 483 2750 aut
496 2703 591 2766 plenin-
611 2703 713 2756 Burm.
734 2701 808 2756 conl,
821 2702 913 2766 pactis.
954 2698 1013 2752 350,
1031 2697 1088 2753 Un,
1101 2699 1155 2746 suis
1166 2727 1199 2735 -
1213 2696 1279 2746 Duo

209 2796 304 2850 nrerito.
345 2794 406 2850 351,
431 2788 491 2844 Pro
508 2797 595 2844 tenena
612 2813 661 2852 un.
676 2798 774 2862 prinus,
793 2825 823 2834 -
850 2791 943 2846 Codd.
961 2791 1177 2860 pleriqtsnlcis,
1200 2786 1282 2858 quod

208 2889 251 2940 Hs
264 2905 337 2953 rec„
347 2888 385 2944 al,
398 2889 487 2952 suecis,
496 2887 577 2958 quod
586 2888 687 2943 Burni.
697 2905 758 2944 rec,
767 2885 937 2938 Pontedera
948 2884 1098 2954 leg.fil1·is‚
1112 2882 1186 2933 alius
1198 2880 1282 2950 quid.

210 2984 308 3038 culmis.
327 2980 373 3040 ef,
391 2980 556 3034 Schneider
573 2982 639 3036 scr,
651 2981 685 3036 R.
699 2981 734 3036 Β.
745 2981 779 3038 Τ,
794 2980 837 3042 ΙΙ,
853 2997 882 3048 p.
892 2982 954 3032 520.
988 2977 1048 3032 352.
1068 2978 1155 3052 Quat.
1168 2977 1283 3040 concipit.

210 3074 272 3130 356.
290 3073 404 3143 mariq,
417 3077 494 3138 dicta,
512 3073 563 3124 alii
577 3077 655 3138 rerba,
672 3085 785 3144 septem
799 3077 884 3142 digna.
902 3102 936 3110 -
953 3071 1013 3121 Pro
1028 3073 1184 3137 deditquat.
1198 3068 1283 3134 rasit-r.

211 3165 272 3234 357.
287 3165 398 3238 Quinq.
410 3169 461 3230 llic,
477 3165 571 3217 ceteri
580 3168 648 3232 ltine,
658 3186 707 3223 un.
719 3166 877 3234 lrnie,q110d
890 3183 915 3221 c.
924 3165 965 3215 lls
974 3162 1117 3232 praetuli
1132 3161 1178 3216 cf.
1186 3159 1282 3212 Eueni

213 3257 310 3328 epigr.
323 3258 354 3310 in
364 3260 489 3315 llntlrol.
501 3260 623 3330 gr.T.I.
639 3279 669 3330 p.
686 3261 744 3316 165.
763 3249 830 3323 Kr'lv
843 3275 877 3333 με
892 3248 994 3334 φάγῃς
1010 3249 1062 3308 ἐπὶ
1078 3248 1185 3332 ῥίζαν,
1201 3244 1282 3330 ὅμως

211 3341 260 3406 ἔτι
275 3347 526 3431 καρποφορήσω,
545 3343 670 3411 ’Όσσον
689 3347 872 3408 ἑπισπεῖσαί
896 3370 963 3421 σοι,
995 3341 1105 3429 τράγε,
1129 3342 1280 3422 θυομένῳ.

210 3449 272 3520 359.
290 3448 347 3505 Un.
361 3449 467 3517 optim.
485 3460 515 3502 et
534 3451 646 3503 multae
662 3449 729 3508 edel.
746 3471 822 3502 noxae
840 3454 887 3502 rili
902 3454 1016 3515 deditus,
1036 3447 1117 3518 qnod
1137 3449 1179 3500 Hs
1199 3465 1278 3514 rec.;

212 3544 318 3614 quinq.
339 3563 396 3594 mox
414 3556 450 3610 et,
473 3545 568 3600 ceteri
588 3566 663 3605 noea,
680 3547 795 3617 pleriq,
807 3549 912 3601 debitus.
947 3544 1006 3600 360.
1025 3543 1086 3594 Alii
1099 3546 1197 3612 Spargit
1209 3555 1231 3594 et
1247 3572 1283 3582 —-

211 3636 274 3688 Alii
289 3636 382 3704 effluo,
395 3655 447 3693 uu.
462 3639 558 3705 afuso,
571 3639 646 3692 alius
660 3640 755 3708 itfitso,
772 3671 807 3679 -
823 3640 920 3690 Etiam
932 3637 1019 3706 Virg,
1033 3637 1067 3692 G.
1085 3637 1124 3700 ΙΙ,
1140 3637 1200 3693 380.
1213 3635 1280 3686 Non

214 3732 302 3783 aliam
319 3733 357 3784 ob
374 3732 491 3802 eulpam
502 3732 618 3784 Baccho
632 3749 721 3803 caper
739 3731 874 3784 omnihus
889 3733 949 3782 aris
964 3729 1118 3788 (laeditur,
1138 3731 1236 3782 Varro
1244 3729 1282 3786 R.

213 3823 250 3882 R.
266 3825 296 3891 1,
313 3843 342 3892 a,
359 3833 401 3886 18.
426 3825 541 3896 Caprae
558 3828 655 3880 omnia
678 3827 797 3878 novella
814 3837 878 3878 sata
901 3823 1051 3894 carpendo
1071 3833 1280 3893 corrumpunt,

213 3934 275 3968 non
285 3919 437 3972 minimum
449 3919 525 3974 vites
541 3930 629 3989 atque
640 3921 733 3976 oleas.
751 3921 801 3972 Sic
812 3921 932 3980 factum,
953 3925 986 3968 ut
996 3916 1108 3968 Libero
1123 3915 1216 3985 patri,
1230 3932 1280 3966 re-

212 4013 333 4080 pertori
353 4013 439 4081 vitis,
463 4013 541 4067 hirci
561 4014 804 4078 immolarentur,
825 4011 970 4084 proinde,
1002 4021 1036 4062 ut
1055 4010 1152 4082 eapite
1174 4009 1282 4062 darent

213 4120 338 4177 poenas.
