2922 4826
213 222 276 284 120
549 211 739 279 P.0v1u11
761 212 941 274 NASONIS

216 400 276 474 645
298 398 435 491 Quaque
456 407 546 454 metu
568 394 697 476 rapitur
719 392 830 452 tunica
851 393 957 454 relata
979 393 1133 470 recincta,

338 501 468 580 Currit,
492 515 527 562 ut
549 500 668 560 auditis
690 499 809 559 territa
832 498 920 558 dama
942 499 1037 581 lupis.

299 609 462 690 Corniger
484 607 566 666 hanc
588 605 714 688 cupidis
736 605 883 686 rapuisse
905 604 1071 664 Numicius
1093 606 1188 666 undis

339 714 513 790 Creditur,
537 725 570 772 et
593 712 715 793 stagnis
738 711 919 772 occuluisse
943 710 1020 770 suis.

299 821 431 884 Sidonis
454 821 582 880 interea
603 838 715 897 magno
739 821 880 878 clamore
902 836 963 897 per
985 835 1079 898 agros

218 931 279 997 650
343 926 533 1021 Quaeritur.
575 927 744 1008 Apparent
767 925 859 1004 signa
880 935 1040 1004 notaeque
1062 923 1193 1004 pedum.

300 1037 444 1103 Ventum
467 1045 538 1092 erat
560 1031 600 1090 ad
622 1030 725 1113 ripas:
749 1030 879 1090 inerant
900 1030 1038 1108 vestigia
1060 1030 1151 1112 ripis.

340 1138 502 1200 Sustinuit
523 1137 639 1198 tacitas
663 1135 809 1196 conscius
832 1135 931 1194 amnis
953 1157 1061 1217 aquas.

301 1249 375 1328 Ipsa
396 1244 486 1328 loqui
508 1244 573 1306 visa
596 1256 660 1320 est,
682 1246 788 1302 Placidi
808 1266 868 1302 sum
888 1245 1018 1323 Nympha
1037 1247 1164 1302 Numici:

337 1359 427 1411 Amne
443 1374 554 1430 perenne
576 1361 659 1409 latens
679 1355 763 1410 Anna
783 1353 903 1408 Perenna
923 1372 1011 1409 vocor.

221 1461 282 1523 655
304 1455 461 1519 Protinus
483 1456 604 1518 erratis
622 1454 705 1536 ¹laeti
727 1468 901 1520 vescuntur
923 1458 957 1515 in
979 1455 1080 1538 agris,

310 1617 314 1625 .
341 1565 384 1624 Et
408 1563 574 1623 celebrant
595 1565 686 1641 largo
710 1580 811 1644 seque
834 1562 984 1645 diemque
1005 1584 1109 1626 mero.

303 1668 1290 1754 Sunt,qnibushaecLunaest,quiamensihusirnpleatannum:

343 1780 425 1836 Pars
447 1775 603 1849 Themin,
632 1775 790 1836 Inachiam
811 1794 887 1858 pars
907 1789 1001 1858 putat
1023 1795 1093 1838 esse
1117 1777 1244 1842 bovem.

302 1881 465 1958 Invenies,
488 1882 544 1963 qui
566 1894 600 1940 te
621 1881 786 1961 Nymphen
807 1882 972 1942 Atlantida
996 1883 1115 1958 dicant,

223 1993 281 2057 666
344 1991 458 2070 Teque
480 1987 549 2051 lovi
570 1984 713 2070 primos,
736 1988 847 2064 Anna,
872 1986 1002 2050 dedisse
1025 1989 1128 2050 cibos.

304 2099 394 2156 Haec
405 2114 547 2178 quoque,
566 2114 660 2177 quam
672 2093 828 2171 referam,
842 2107 968 2156 nostras
980 2096 1134 2177 pervenit
1145 2095 1185 2157 ad
1195 2116 1293 2158 aures

343 2203 457 2277 Fama,
481 2219 542 2262 nec
565 2221 583 2260 a
603 2221 681 2265 vera
703 2200 839 2262 dissidet
860 2202 917 2262 illa
938 2201 1015 2267 fide.

290 2451 352 2516 645.
373 2447 480 2502 Plures
496 2447 602 2518 optimi
617 2450 733 2518 Quaque,
747 2448 827 2518 quod
844 2464 904 2503 rec.
914 2447 973 2513 Hs,
989 2448 1082 2500 ceteri
1096 2449 1207 2513 Cumque
1218 2459 1295 2504 melu.

223 2541 265 2594 Hs
280 2558 353 2598 mav.
374 2544 475 2612 Quoque
491 2551 570 2591 teletus
582 2543 675 2606 rapuit.
725 2541 785 2610 647.
803 2541 877 2594 Octo
892 2540 1011 2598 melior.
1029 2543 1138 2608 cupidis,
1154 2539 1236 2609 quod
1250 2539 1295 2594 Hs

223 2651 299 2710 rec„
312 2628 370 2688 duo
380 2639 481 2702 rapidis,
496 2632 591 2686 ceteri
605 2635 715 2699 tumidis,
732 2633 789 2685 duo
804 2637 949 2689 timidis.—
964 2633 1005 2686 Hs
1019 2644 1049 2686 et
1063 2633 1213 2689 Brouclth.
1223 2641 1300 2684 con·'

224 2727 550 2800 iucenulnisprounclis.
583 2726 966 2798 650.Du00ptimin0tata.
997 2725 1295 2783 651,Duoinsmnt.-
1321 2783 1323 2792 Ι

224 2823 281 2880 Un.
293 2825 370 2891 ripae,
389 2822 483 2875 Silius
493 2821 573 2887 Vlll,
590 2822 648 2890 ¹95·
666 2821 759 2886 (Tres
773 2823 886 2872 Annam
896 2823 1093 2890 quaerentes)
1108 2823 1199 2871 Vicini
1210 2823 1313 2889 adj-„-

222 2935 269 2967 vas
275 2918 358 2985 fluvii
371 2919 504 2986 manfisla
517 2928 650 2983 sequuntur
665 2918 742 2985 Signa
752 2920 857 2980 pedum,
876 2919 982 2980 diemque
998 2916 1059 2962 inter
1070 2933 1095 2963 se
1109 2916 1244 2977 mirantur,
1263 2916 1295 2963 ab

224 3011 273 3060 allo
291 3008 389 3060 Amnis
400 3029 479 3075 aquas
494 3026 639 3073 cursumque
653 3009 728 3072 rapit,
758 3010 823 3055 Tum
838 3009 936 3056 salibus
954 3009 1011 3055 imis
1024 3009 1094 3056 Inter
1105 3009 1228 3058 caeruleas
1242 3009 1296 3056 risa

224 3112 260 3150 est
276 3103 377 3150 residere
393 3119 485 3150 sorores
498 3101 609 3162 Sidonis,
631 3110 654 3148 el
667 3102 766 3163 placido
787 3102 894 3149 Teucros
908 3098 1012 3165 effarier
1028 3120 1077 3156 ore.
1102 3103 1143 3150 Ex
1156 3103 1197 3151 illo
1206 3103 1296 3168 primis

224 3193 286 3241 anni
305 3193 423 3240 celebrata
443 3194 533 3242 diebus
548 3195 600 3242 Per
621 3201 698 3242 lolam
716 3194 864 3242 Ausonium
887 3181 1020 3244 uenerando
1040 3196 1140 3244 numine
1160 3196 1226 3244 culta
1248 3206 1293 3250 est,

224 3283 284 3337 652.
304 3284 414 3361 Quinq.
435 3283 553 3336 melior.
575 3283 866 3353 tenues,a1iiquinq,
888 3287 997 3351 rapidas.
1043 3285 1103 3342 653.
1129 3286 1238 3338 Novem
1258 3304 1292 3338 cx

225 3376 331 3447 optim.
352 3378 462 3442 Rapidi,
489 3376 584 3430 ceteri
603 3379 716 3434 Placidi.
744 3375 786 3428 Hs
806 3377 885 3435 coni.
904 3380 1011 3436 Placitl,
1046 3381 1106 3446 654.
1125 3382 1182 3437 Un.
1202 3385 1293 3447 loquor,

224 3471 285 3526 655.
303 3471 359 3528 Un.
374 3482 535 3526 errantem·
549 3471 607 3529 Un.
620 3483 766 3538 pascuntur,
788 3501 822 3510 -
844 3472 901 3525 Sex
913 3472 987 3531 αννίε,
1013 3473 1101 3523 Errali
1114 3476 1183 3542 agri,
1202 3483 1295 3544 utap.

226 3565 301 3618 alios
315 3575 409 3616 erratus
427 3567 504 3630 orbis,
520 3576 600 3614 errata
616 3565 695 3621 litora.
716 3563 762 3621 Cf.
778 3563 831 3628 IV,
845 3563 907 3633 573.
946 3566 1008 3629 657.
1026 3566 1081 3622 Un.
1094 3587 1158 3632 quaa
1171 3587 1247 3618 mens.
1264 3593 1298 3606 ·-

224 3659 394 3716 Duoorbem.
428 3657 490 3716 658.
505 3659 614 3710 Inachia
626 3659 650 3713 6.
675 3657 722 3710 Cf.
742 3657 770 3722 l,
790 3657 851 3724 453.
893 3657 951 3728 659.
972 3658 1297 3715 Hs'muv.'Ineauias.-

226 3752 313 3828 Quid.
325 3752 517 3816 Albuleutida,
530 3768 580 3809 un.
590 3753 724 3807 Nilanida.
736 3782 769 3791 -
782 3750 840 3804 Un.
849 3754 926 3808 dicul,
961 3751 1020 3809 660,
1040 3751 1299 3804 HocAmaltheam

225 3860 282 3912 ope
296 3861 403 3915 caprae
420 3843 529 3897 fecisse
549 3843 652 3896 dicunt
666 3844 839 3914 mythologi.
866 3845 912 3901 Cl.
931 3845 968 3896 ad
978 3845 1017 3908 V,
1038 3843 1094 3898 113.
1115 3843 1175 3896 Nee
1197 3853 1274 3896 tame

225 3951 348 4016 usquam
359 3937 571 3991 naecntlantis
588 3937 681 3991 luisse
694 3938 805 3994 fertur.
849 3937 908 3998 mn.
934 3937 975 3991 Hs
990 3955 1048 3991 rec.
1069 3958 1124 3990 nera
1138 3955 1153 3991 e
1166 3954 1216 3992 sex
1230 3949 1294 4006 opt.

226 4037 256 4079 et
273 4041 385 4098 septem
398 4032 481 4098 aliis,
501 4033 595 4088 celeri
609 4036 666 4091 veri.
