2906 4836
465 277 696 342 EASTORUM
716 279 795 340 LlB.
824 281 879 342 111.

133 460 368 542 Laudatasque
390 472 631 538 tenerrimam,
655 473 811 546 scutoque
832 476 987 546 nepotem

176 571 263 630 Fert
284 589 381 631 avus:
405 567 460 628 hic
483 569 569 628 scuti
591 567 717 630 dulcior
739 591 817 630 usus
840 583 923 631 arat.

134 675 217 736 lude
242 675 344 750 diem,
368 694 451 757 quae
473 677 598 756 prima,
620 695 709 736 meae
732 675 901 737 celebrare
922 675 1080 738 llalendas

177 783 361 846 Oebalides
382 796 503 844 matres
522 803 586 844 non
606 783 680 848 lero
702 803 817 844 munus
835 781 966 845 habent.
1150 790 1209 852 230

135 892 206 967 An,
231 892 308 974 quia
330 891 490 952 committi
515 889 642 950 strictis
665 889 873 952 mucronibus
896 911 992 952 ausae

176 998 353 1058 Finierant
373 997 518 1058 lacrimis
540 997 657 1056 Martia
678 996 765 1056 bella
787 996 881 1058 ouis?
906 1001 916 1030 ¹

135 1105 223 1182 Vel,
248 1105 428 1187 quoderat
451 1104 489 1164 tle
512 1123 562 1162 me
584 1103 733 1164 l'elicitcr
757 1103 813 1164 llia
833 1117 951 1182 mater,
979 1129 980 1132 ¹

176 1212 259 1272 Rite
283 1212 396 1272 colunt
414 1222 536 1270 matres
559 1229 650 1270 sacra
672 1209 821 1294 diemque
842 1232 960 1273 mcum.

55 1379 61 1394 ,
119 1317 366 1410 λριιὶᾶῖ).(1ιιοᾶ
381 1317 481 1377 hiems
502 1316 658 1398 adoperta
674 1319 751 1399 gelu
766 1339 851 1379 nuno
865 1319 1005 1402 <lenique
1024 1323 1124 1406 cedit,
1149 1327 1207 1393 235

175 1429 222 1486 Et
244 1439 387 1509 pereunt
406 1424 513 1489 victae
537 1429 606 1486 sole
627 1439 762 1508 tepente
784 1428 894 1505 nives3

135 1531 324 1594 Arboribus
344 1533 486 1592 redeunt
508 1532 664 1593 detonsae
687 1532 817 1614 frigore
839 1533 988 1611 frondes,

177 1639 365 1722 Vividaque
390 1661 407 1700 e
430 1653 547 1700 tenero
569 1639 702 1721 palmite
726 1660 848 1721 gemma
871 1653 992 1718 tumet3

137 1748 300 1839 Quaeque
331 1748 387 1808 diu
413 1748 528 1822 latuit,
558 1767 659 1823 nunc,
689 1767 724 1806 se
748 1768 810 1829 qua
835 1748 931 1808 tollat
958 1747 992 1806 in
1020 1769 1123 1828 auras,

176 1855 315 1914 Fertilis
337 1855 483 1916 occultas
505 1853 631 1918 invonit
652 1854 756 1915 herba
776 1856 856 1920 vias.
1148 1869 1207 1935 240

135 1963 232 2023 Nunc
251 1960 410 2022 fecundus
432 1980 526 2040 ager:
548 1961 680 2043 pecoris
702 1983 787 2022 nuno
807 1961 889 2024 hora
912 1963 1064 2024 creandi:

177 2073 276 2136 Nune
294 2069 363 2133 avis
385 2069 420 2127 in
441 2088 530 2128 ramo
552 2081 641 2128 tecta
662 2069 830 2152 laremque
843 2083 957 2152 parat.

136 2177 302 2260 Tempora
323 2178 398 2236 iure
420 2177 529 2238 colunt
550 2177 664 2238 Latiae
685 2177 826 2256 fecunda
846 2191 1010 2260 parentes,

181 2286 327 2379 Quarum
349 2284 499 2344 militiam
520 2295 659 2366 votaque
681 2297 795 2366 partus
818 2287 924 2352 habet.

210 2712 268 2765 aab.
294 2712 403 2766 Novem
420 2730 454 2764 ox
475 2713 578 2784 optim.
592 2717 684 2778 sartis,
700 2713 780 2784 quod
793 2715 835 2768 Hs
853 2719 1017 2780 roceum.
1028 2722 1119 2782 notin.
1132 2727 1206 2784 scuti.

139 2819 202 2871 oto.
229 2803 350 2857 Melior.
366 2822 466 2860 omnes
483 2811 563 2872 dreni,
590 2826 651 2873 qima
661 2811 759 2875 prima,
775 2809 855 2879 quod
870 2809 912 2863 Hs
931 2829 1004 2878 rec„
1027 2818 1122 2868 octeri
1140 2821 1207 2871 Inde

135 2899 219 2962 diem,
229 2899 368 2966 primasque
382 2919 416 2956 m.
451 2900 512 2957 230.
530 2901 650 2971 Septem
661 2903 805 2969 Oebalidae,
819 2903 904 2956 multi
918 2908 1045 2974 Oebaliae,
1059 2915 1205 2980 quaesta-

138 2993 218 3060 lr'des,
236 3009 341 3045 novem
353 3003 451 3050 nostr.
466 2993 547 3064 quod
562 2993 604 3046 Hs
621 3013 681 3052 ree.
709 2995 756 3054 uf.
773 2996 802 3062 1,
815 2997 873 3056 260.
917 3001 975 3058 231,
994 3003 1083 3080 Quat.
1098 3006 1205 3076 optimi

139 3090 268 3155 Annaea,
284 3086 364 3158 quod
374 3087 416 3140 Hs
431 3105 510 3154 rec.²
527 3088 622 3142 ceteri
639 3091 701 3140 Aut
716 3093 784 3158 qaia.
834 3093 892 3150 232.
918 3096 959 3148 Hs
975 3113 1048 3151 mae.
1064 3101 1206 3160 linierunt.

141 3183 201 3240 235.
217 3179 329 3246 cmv,
344 3181 402 3238 aab.
438 3182 497 3240 236.
516 3183 624 3237 Omnes
640 3184 706 3238 fere
717 3186 836 3242 melior.
849 3191 934 3254 victae,
947 3191 1207 3262 quostrec,un.

140 3287 258 3341 mutae,
276 3275 371 3328 ceteri
387 3277 480 3343 lapsae.
501 3275 542 3329 He
557 3293 632 3334 mov.
650 3281 714 3330 citae
728 3309 761 3320 -—
777 3280 824 3339 cf.
838 3281 866 3346 1,
883 3284 939 3340 151.
963 3283 1070 3346 Horat.
1084 3287 1206 3355 ΜΝ,

140 3384 168 3434 7,
191 3387 215 3424 r,
229 3367 364 3438 Dfftgere
379 3370 460 3421 nives:
485 3372 647 3422 redeuntium
658 3377 774 3442 gramina
791 3379 898 3442 colapis,
913 3378 1101 3448 Arboribusque
1115 3401 1207 3441 mmor.

142 3461 202 3529 237,
219 3461 280 3514 Alii
296 3480 331 3516 ex
350 3462 512 3520 vetustior,
529 3485 645 3518 nauseas
662 3466 708 3520 vel
731 3487 841 3526 exorem.
898 3469 958 3527 238.
985 3473 1077 3532 Codd'.
1092 3476 1204 3546 pleriq.

135 3554 231 3608 etiarn
245 3555 359 3614 molior.
375 3558 534 3625 Wridaqua,
556 3558 636 3630 quod
650 3577 675 3616 o,
689 3559 731 3612 Hs
747 3562 886 3627 restitui,
903 3565 955 3616 alii
974 3569 1138 3636 humidaque,
1159 3585 1206 3622 ce·

142 3649 202 3700 teri
225 3651 366 3718 Uridaqos,
392 3649 474 3720 quod
493 3650 595 3710 Rurm.
611 3653 717 3708 edidit.
735 3684 770 3694 -
791 3655 906 3727 Pleriq.
927 3659 1016 3712 etiam
1032 3661 1151 3719 melior.
1169 3674 1205 3713 te·

142 3758 211 3808 arao,
225 3743 306 3812 quod
319 3743 361 3796 Hs
380 3760 415 3796 ex
428 3745 496 3801 edd.
512 3747 656 3812 retinuit,
670 3747 721 3800 alii
737 3752 852 3819 gravido,
875 3769 926 3810 un.
943 3755 970 3803 in
989 3757 1093 3813 tumido.
1118 3755 1165 3814 (tf.
1179 3757 1205 3823 t,

144 3836 202 3893 152.
245 3839 305 3904 240.
330 3839 508 3909 Untignotou
554 3844 614 3908 241.
638 3843 704 3894 Duo
719 3845 825 3914 optimi
837 3849 921 3912 pecori
934 3857 969 3896 est
983 3865 1057 3902 nuno.
1074 3846 1116 3900 Hs
1130 3865 1206 3908 mar.

138 3931 220 3995 pecori
235 3959 269 3970 --
282 3936 385 4011 crastimo
399 3945 445 3990 ost.
499 3937 558 4002 242,
584 3936 651 3988 Duo
669 3958 762 4003 ramos,
783 3951 867 4009 quet.
885 3942 970 3996 ramis,
985 3969 1019 3979 -
1034 3940 1091 3999 Un.
1104 3958 1205 4011 parant,

140 4027 201 4092 244.
222 4023 332 4082 Noster
348 4029 423 4085 Her.
437 4028 492 4096 x1,
514 4029 557 4096 48.
576 4029 611 4083 de
630 4030 762 4098 Canace,
786 4033 821 4084 Et
839 4017 909 4088 rudis
928 4037 965 4084 ad
975 4045 1080 4104 partus,
1101 4049 1124 4089 et
1144 4058 1207 4091 nova

140 4122 207 4171 milas
224 4140 302 4180 aaut.
326 4121 374 4180 Cf,
387 4122 435 4187 II,
455 4139 482 4191 9.
