2914 4836
246 307 305 374 172
580 295 617 363 Ρ.
642 303 780 372 ovlml
800 303 977 367 utsonts

329 485 389 546 Cui
412 483 490 560 dea,
513 488 587 556 Due,
610 481 735 567 inquit:
758 489 830 547 scisti
837 531 844 558 ‚
866 483 920 564 qno
939 507 1030 565 eogere
1046 507 1131 563 posses
1137 507 1150 557 ;

370 593 479 674 Seque
501 591 588 656 levat
610 612 706 670 saxo,
730 593 1005 676 subsequiturque
1029 613 1150 654 senem.

326 701 399 760 Dux
423 699 536 760 comiti
556 710 687 774 narrat,
710 719 805 780 quam
826 699 868 760 sit
889 700 951 760 sibi
973 697 1060 760 lilius
1083 717 1196 782 aeger,

244 807 303 872 530
367 809 435 867 Nee
457 805 565 888 capiat
586 823 734 879 somnos,
758 803 974 888 invigiletque
996 805 1100 866 malis.
1196 823 1199 832 ’

324 913 384 973 llla
405 911 644 996 soporiferum,
665 931 784 994 parvos
805 912 927 972 initura
947 925 1094 994 penates,

365 1019 502 1099 Colligit
524 1019 646 1099 agresti
669 1021 742 1080 lene
764 1039 907 1102 papaver
928 1019 1032 1082 humo.

326 1128 413 1186 Dum
433 1126 538 1210 legit,
560 1126 663 1188 oblito
685 1125 795 1187 fertur
818 1139 963 1206 gustasse
984 1125 1104 1208 palato,

362 1235 572 1317 Longumque
595 1231 785 1316 imprudens
809 1234 989 1294 exsoluisse
1011 1233 1139 1293 famem.

237 1340 300 1404 535
323 1340 414 1433 Quae
437 1340 512 1422 quin
534 1340 698 1424 principio
719 1340 835 1423 posuit
857 1340 979 1401 ieiunia
1000 1341 1117 1416 noetis,

361 1449 505 1531 Tempus
528 1447 650 1508 habent
670 1449 792 1528 Mystes
815 1445 923 1507 sidera
943 1447 1013 1510 risa
1035 1445 1114 1508 cibi.
1190 1516 1193 1521 ¹

318 1555 435 1615 Limen
456 1567 493 1616 ut
515 1554 669 1632 intravit,
692 1555 799 1616 luctus
819 1553 912 1618 *videt
934 1552 1040 1614 omnia
1060 1553 1168 1636 plena.

357 1665 422 1722 lam
443 1681 518 1745 spes
538 1663 572 1722 in
593 1681 698 1744 puero
719 1661 809 1722 nulla
831 1661 944 1722 salutis
967 1672 1050 1722 erat.

322 1772 429 1830 Matre
454 1769 611 1843 salutata,
633 1805 674 1817 -
694 1779 800 1836 mater
821 1767 981 1828 Metanira
1003 1780 1140 1829 vocatur
1161 1803 1202 1821 ·-

238 1877 298 1949 54⁰
360 1877 503 1956 Iungere
525 1874 657 1956 dignata
678 1887 726 1934 est
748 1893 784 1936 os
805 1874 936 1956 puerile
958 1893 1024 1939 suo.

300 2081 361 2148 527.
378 2079 492 2150 Optim.
504 2079 604 2150 quisq.
616 2077 647 2132 id
662 2078 743 2150 quod
760 2079 807 2131 Hs·
816 2096 841 2142 ο,
851 2079 944 2151 Neap.
963 2097 1037 2146 rec„
1062 2093 1155 2141 ceter.
1168 2087 1206 2136 sio
1220 2087 1310 2153 inquit,

232 2171 293 2228 518.
317 2173 374 2229 Un.
389 2177 487 2230 ducem.
537 2173 599 2240 521).
621 2171 684 2224 Alii
702 2174 823 2239 quodni,
872 2175 932 2230 531.
956 2173 1023 2227 Duo
1047 2191 1082 2227 ex
1101 2187 1166 2248 opt.
1183 2181 1308 2232 subiturat

232 2264 291 2322 532.
305 2265 518 2344 Quindeedeve.
547 2265 608 2332 534,
619 2264 685 2317 Duo
693 2267 841 2336 Etlongam.
858 2266 1079 2336 Tamdiuenim,
1089 2273 1307 2331 auotorellom.

155 2369 160 2378 ·
234 2357 303 2415 Cer.
313 2362 355 2430 49.
382 2347 546 2413 Oribs'stoe’
556 2349 727 2434 ἀμβροσίης
738 2351 792 2411 καὶ
807 2347 956 2432 νέκλαρος
970 2351 1144 2426 ἡδυπότοιο
1153 2354 1308 2418 Ποίσσατ)

230 2437 414 2527 ἀκηχεμένη,
426 2445 498 2508 οὐδὲ
508 2442 593 2530 χρόα
603 2442 741 2528 βάλλετο
750 2447 907 2528 λουτροῖς.
922 2457 1070 2528 Papam,
1083 2460 1255 2514 fertilitatis
1267 2461 1307 2513 si-

229 2562 319 2615 gnum
327 2559 373 2600 est
382 2547 650 2606 Cererisornatus.
662 2551 720 2618 llp.
730 2550 988 2618 Theoer.ld.Vll‚
1002 2554 1060 2622 ¹57·
1070 2539 1309 2628 Δρᾶρματαιιαὶ

131 2687 136 2694 „
230 2626 418 2710 μοίκωναςέν
430 2627 648 2718 ἀμφοτέρῃσιν
659 2627 783 2715 ἔχοισα.
806 2643 893 2715 Virg.
910 2645 985 2711 (1.1,
1003 2662 1063 2702 aaa.
1074 2666 1181 2714 papaver
1198 2647 1306 2704 Cereale.

228 2753 261 2773 ε-
278 2731 427 2788 Similiter
440 2733 554 2788 demum
572 2734 636 2788 sole
653 2731 810 2792 occidente
826 2737 904 2792 bibit
920 2737 1037 2797 Gallim.
1050 2739 1119 2797 Cer.
1132 2739 1159 2796 8.
1189 2728 1307 2792 Ἕσπε-

229 2840 292 2900 ρος,
309 2813 469 2881 tatanem
480 2814 655 2903 Δαμάτερα
664 2826 763 2902 μεῖνος
775 2815 907 2885 ἔπεισεν.
929 2832 1007 2885 llino
1025 2822 1150 2899 νησῖεία
1169 2833 1305 2886 initiato-

230 2937 296 2972 rum
303 2939 370 2993 usq.
381 2921 667 2974 adsolisoeeasum:
685 2922 973 2996 blncAtben.IV‚p.
988 2925 1046 2982 15⁶.
1070 2917 1147 2998 παρ’
1162 2919 1243 2994 ὑμᾶς
1255 2941 1306 2990 νη·

229 3004 334 3067 tristor
344 3003 484 3086 ἄγοντας
491 3007 545 3066 καὶ
555 3002 782 3089 περιμένοντας
791 3011 830 3069 τὸ
841 3005 1020 3078 ἀνοίτελλον
1032 3003 1156 3092 ἅσλρον.
1178 3017 1304 3072 Suidas:

228 3100 321 3162 01τὰ
331 3103 483 3186 μυσλήρια
492 3100 801 3186 παραλαμβάνοντες
812 3102 963 3186 λέγονται
972 3105 1004 3168 ἐν
1016 3106 1100 3189 ἀρχῇ
1110 3103 1164 3186 μὲν
1173 3105 1305 3187 pecias·

223 3199 292 3276 μετ’
306 3197 454 3262 ἐνιαυτὸν
471 3198 505 3259 δὲ
521 3195 657 3258 ἐπόπλαι
671 3197 725 3258 καὶ
740 3192 862 3280 ἔφοροι.
904 3209 966 3267 535.
990 3195 1127 3263 Antells
1144 3208 1304 3279 legebatur

221 3312 318 3345 mensae
329 3297 410 3348 sidero
423 3297 476 3347 νίεα
487 3296 544 3359 sibi,
558 3295 606 3348 vel
615 3314 701 3346 coenae
709 3296 804 3350 sidera.
815 3325 849 3334 —
857 3305 955 3352 nostr.
966 3295 1037 3352 lect.
1047 3312 1109 3352 ree.
1121 3295 1162 3346 Hs
1172 3311 1207 3348 ex
1219 3305 1303 3366 quat.

223 3389 287 3450 opt.
297 3391 327 3434 et
343 3398 394 3434 sex
408 3381 488 3448 aliis,
507 3379 595 3450 eique
609 3380 782 3452 praeiverat
798 3379 818 3435 1.
833 3379 885 3436 Fr.
900 3379 1034 3436 Gronov.
1046 3380 1174 3437 Observ.
1188 3379 1241 3445 IV,
1259 3381 1303 3433 15.

221 3483 251 3536 p.
263 3485 324 3535 700.
342 3469 400 3527 Un.
408 3477 473 3540 opt.
484 3469 575 3532 mim,
587 3466 645 3519 duo
654 3476 718 3538 opt.
726 3467 810 3531 misti,
821 3475 884 3518 tres
894 3485 999 3532 pransae,
1010 3465 1105 3519 eeteri
1113 3485 1208 3532 coenae,
1214 3463 1303 3517 multi

220 3553 416 3614 nostae-sibi.
451 3553 513 3624 539.
530 3551 623 3606 Varie
637 3551 787 3605 scribitur
796 3568 903 3604 nomen
914 3551 944 3602 in
956 3551 1042 3618 eodld.
1052 3555 1195 3619 Menalina,
1211 3555 1301 3604 Mona.

221 3638 272 3704 lla,
296 3642 413 3694 Melania
418 3676 431 3706 ,
452 3641 588 3703 Materna,
613 3639 756 3700 Metanira,
778 3644 811 3687 ut
828 3644 891 3688 tres
908 3647 985 3705 opt,
1000 3648 1030 3692 et
1044 3640 1160 3689 Melania
1174 3656 1251 3691 unus
1267 3653 1303 3690 ex

220 3739 297 3799 opt,
310 3725 380 3779 binc
396 3725 438 3778 Hs
454 3739 516 3782 ree.
529 3724 666 3787 Metaru'ra,
680 3731 713 3774 ut
729 3709 795 3791 ipsa
809 3735 825 3771 a
839 3720 979 3790 plurimis
993 3733 1131 3788 vocatur,
1148 3721 1300 3778 aGraecis

219 3815 413 3894 Μετανείρα.
438 3815 484 3870 Itu
500 3831 563 3869 eam
582 3816 716 3866 nominat
731 3813 975 3867 iamHomeritles
987 3815 1022 3872 11.
1036 3815 1176 3880 Cer.161‚
1194 3813 1245 3886 qui
1257 3824 1300 3866 ta·

219 3919 285 3954 men
295 3919 423 3972 puerum
432 3916 531 3971 neque
542 3897 774 3969 Triptolemum,
787 3897 839 3950 sed
850 3895 1079 3971 Demophoonta
1089 3899 1235 3972 appellat,
1249 3915 1299 3951 ne·

220 4004 277 4058 que
287 4002 409 4058 aegrum
421 3985 517 4040 fuisse
531 3984 642 4049 refert,
659 3994 689 4037 et
707 3982 840 4036 eiusdem
854 3982 1001 4036 nutricem
1015 3983 1123 4038 factam
1134 4002 1198 4038 esse
1209 3985 1299 4036 Cere·

221 4097 284 4132 rom
301 4089 419 4144 narrat,
434 4079 518 4132 euius
530 4094 602 4132 eura
615 4077 690 4145 (235)
710 4065 823 4140 ἀέξετο
835 4067 962 4150 δαίμονι
971 4066 1056 4141 ἶσος.’
1100 4081 1161 4146 540.
1181 4076 1297 4145 Pleriq.

221 4161 1296 4234 etetld,multiIungere,quotlBurm.rec„suffragare,quorlllsserravit.
