2906 4836
210 254 253 320 90
296 281 301 296 ·
550 248 585 305 P.
612 245 749 315 0le11
770 245 946 310 NASONIS

292 432 408 505 Disce,
431 429 622 490 Latinorum
643 441 732 492 vates
753 448 896 512 operose
918 429 1057 506 dierum,

334 537 431 630 Quod
452 537 555 620 petis,
580 549 614 600 et
635 535 771 597 memori
793 547 932 618 pectore
954 535 1041 598 dicta
1062 549 1171 603 nota..

292 647 398 711 Parva
419 644 501 722 t'uit,
523 644 551 704 si
571 644 678 726 prima
698 643 782 708 velis
804 644 965 704 elementa
988 641 1135 718 referre,

215 760 271 820 180
332 755 451 812 Roma:
475 751 587 812 sedin
608 771 709 833 parva
730 769 803 834 spes
825 749 1051 818 tomenhuius
1074 762 1158 812 erat.

291 859 420 920 Moenia
443 860 506 918 ium
528 859 673 935 stabant,
696 856 828 940 populis
851 869 988 938 angusta
1009 856 1147 931 futuris,

336 964 472 1026 Credita
494 964 553 1026 sed
574 964 692 1025 turbae
713 976 792 1024 tuno
812 963 909 1024 nimis
931 963 1036 1045 ample
1058 981 1147 1027 suae.

293 1073 386 1164 Quae
408 1071 513 1132 i'uerit
534 1071 659 1149 nostri,
681 1072 707 1132 si
731 1071 881 1153 quaeris,
904 1070 994 1149 regie
1015 1070 1096 1144 nuti,

333 1178 476 1262 Adspice
500 1178 541 1240 de
563 1199 661 1240 canna
682 1178 955 1260 straminibusque
978 1177 1118 1244 domum.

216 1288 272 1351 185
294 1289 330 1347 ln
353 1288 474 1369 stipula
495 1285 618 1368 placidi
641 1286 797 1369 carpebat
818 1306 953 1346 munera
975 1286 1090 1362 soloni,

335 1397 377 1454 Et
401 1407 508 1454 tamen
530 1415 569 1454 ex
591 1392 650 1454 illo
672 1393 764 1457 venit
785 1393 820 1454 in
841 1405 930 1454 astra
951 1405 1038 1454 toro.

295 1504 426 1582 lantque
449 1504 523 1562 loco
545 1500 648 1570 maius
670 1520 787 1562 nemen
808 1503 970 1584 Romanus
990 1496 1144 1576 babebat,

336 1612 404 1669 Nec
427 1608 546 1669 coniux
567 1608 638 1685 illi,
660 1628 722 1670 nec
745 1628 840 1670 socer
860 1609 946 1669 ullus
968 1619 1050 1669 erat.

295 1716 506 1798 spernebant
528 1735 668 1798 generos
691 1716 805 1798 inopes
825 1711 947 1780 vicinia
971 1711 1075 1787 dives,

220 1841 277 1901 rqo
340 1823 487 1908 Et'male
510 1822 671 1882 credebar
693 1822 855 1900 sanguinis
878 1833 994 1882 auctor
1016 1840 1086 1899 ego.

297 1932 334 1990 ln
358 1929 493 1990 stabulis
513 1928 696 2005 habitasse,
720 1929 820 1993 hores
840 1929 992 2011 pavisse,
1014 1925 1163 2002 nocebat,

338 2037 520 2118 iugeraque
543 2035 661 2096 inculti
683 2053 785 2117 pauca
806 2047 923 2097 tenere
947 2035 1022 2096 soli.

297 2143 379 2204 Cum
400 2163 481 2225 pare
498 2163 647 2226 quaeque
665 2164 723 2205 suo
744 2146 861 2205 coe'unt
877 2145 1098 2223 volucresque
1116 2140 1287 2221 feraeque,

338 2251 447 2333 Atque
471 2250 628 2333 aliquem,
655 2250 695 2311 de
718 2271 781 2333 qua
801 2262 980 2332 procreet,
1001 2249 1116 2331 unguis
1137 2248 1247 2308 babet.

1040 2442 1290 2460 ——m

288 2575 347 2645 178.
365 2576 432 2628 Duo
446 2579 512 2628 dicta
527 2591 587 2636 tene.
606 2578 716 2633 Noster
725 2581 766 2636 Μ.
778 2580 856 2646 XIV,
868 2581 930 2637 813.
945 2584 1135 2644 Nommemoro,
1147 2580 1291 2645 mentor-ique

218 2669 301 2720 animo
311 2673 357 2737 pia
371 2673 443 2722 rerba
457 2676 551 2729 ,notavi
590 2692 647 2743 ¹79·
669 2675 758 2752 Quat.
774 2686 867 2734 notare,
889 2673 964 2752 *180.
986 2672 1098 2744 Optimi
1110 2674 1195 2736 huius,
1210 2669 1292 2742 quod

218 2762 406 2830 Burm.rec.‚
425 2767 519 2820 ceteri
534 2770 615 2832 zerbr's,
633 2768 714 2838 quod
728 2767 770 2820 Hs
786 2768 968 2824 retinuerat.
1006 2767 1064 2820 181.
1084 2766 1162 2818 Ante
1175 2765 1218 2817 Hs
1231 2765 1290 2816 Cre·

219 2859 273 2910 dita
289 2876 314 2916 e.
333 2859 465 2930 priorib.
482 2861 664 2932 iungebotur
685 2849 827 2914 commate
847 2861 1032 2932 postposito.
1057 2859 1114 2912 Sex
1128 2861 1243 2914 Condita.
1257 2885 1292 2898 --

219 2951 302 3005 Unus
313 2955 393 3006 turbis
405 2956 457 3006 iem
466 2958 529 3006 satis
539 2959 623 3022 ampla
632 2956 695 3011 suis,
723 2956 782 3008 Sex
793 2959 932 3012 teneretis.
951 2955 1014 3012 Liv.
1026 2953 1050 3019 I,
1060 2953 1085 3012 8.
1114 2954 1241 3005 Crescebat
1253 2951 1292 3000 in·

220 3046 290 3093 terim
302 3047 369 3110 urbs,
383 3065 459 3111 quum
469 3050 495 3098 io
505 3068 572 3116 spem
580 3048 775 3117 mogisfuturae
783 3050 966 3115 multitudinis,
981 3067 1056 3115 quam
1068 3051 1103 3098 cd
1112 3049 1147 3110 id,
1161 3049 1227 3112 qttod
1238 3056 1293 3094 tum

221 3137 350 3187 hominum
364 3147 425 3202 wat,
440 3141 572 3190 munirent.
597 3202 601 3212 ,
621 3139 678 3207 184.
698 3141 877 3208 Un01nspiee.
890 3171 923 3182 -
939 3141 996 3197 Un.
1008 3141 1188 3208 stipitibusque,
1207 3135 1253 3194 Cf.
1266 3135 1292 3202 Ι,

223 3246 282 3298 sqq.
321 3228 379 3288 185.
399 3230 544 3285 Meliores
558 3235 680 3299 carpebat,
696 3231 777 3303 quod
788 3233 829 3286 Hs
844 3250 919 3300 ree„
936 3233 1031 3288 ceteri
1045 3235 1165 3300 capiebat,
1178 3259 1212 3270 ·-
1225 3230 1292 3280 Duo

218 3325 341 3390 praeuia,
359 3323 446 3395 Virg.
456 3327 490 3382 A.
504 3326 556 3389 lV,
566 3328 628 3384 522.
645 3330 706 3380 Nox
714 3339 779 3394 erat,
789 3339 812 3379 et
820 3329 948 3396 placidum
960 3331 1093 3397 carpebant
1095 3328 1174 3395 sesso
1186 3343 1295 3392 soporem

223 3417 342 3487 Corpora,
358 3417 439 3470 Idem
452 3418 489 3476 Α.
503 3419 556 3485 IV,
571 3422 632 3488 554.
650 3422 754 3474 Aeneas
766 3425 831 3474 cetra
841 3425 867 3474 in
877 3423 958 3491 puppi
967 3451 1001 3464 -
1019 3423 1141 3489 Carpebot
1152 3438 1248 3470 sornnos
1262 3445 1296 3457 -·

223 3511 281 3570 186.
297 3511 456 3581 Cf.11‚478.
485 3513 544 3583 187.
551 3515 682 3574 ALRom.
691 3531 775 3568 nomen
784 3515 987 3573 anteHs.Liv.
995 3513 1019 3579 1,
1029 3532 1056 3584 q.
1065 3517 1126 3566 Iam
1134 3533 1172 3564 res
1179 3516 1297 3564 Romarm

221 3609 281 3658 odeo
292 3618 345 3657 erat
356 3607 446 3672 valido,
456 3619 483 3658 ut
495 3610 592 3660 cuilibet
592 3610 771 3682 finitimorum
781 3611 919 3662 eivitatium
925 3610 986 3660 bello
995 3628 1044 3678 por
1054 3618 1131 3660 esset:
1144 3606 1298 3673 sedpenuria

222 3701 352 3751 mulierum
365 3702 473 3752 hominis
487 3713 591 3752 aetatem
603 3708 724 3756 durature
738 3707 885 3774 magnitudo
897 3713 963 3753 erat:
982 3703 1072 3769 quippe
1084 3703 1173 3768 quibus
1182 3699 1299 3752 usedomi

222 3809 276 3858 spes
286 3795 373 3860 prolis,
387 3813 429 3844 neo
442 3796 756 3867 cumfinitimisconnubie
765 3809 853 3856 essent.
890 3795 948 3850 188.
960 3796 1026 3848 Duo
1036 3796 1151 3858 ulli‚un.
1161 3795 1221 3858 illic,
1237 3791 1297 3845 duo

223 3885 283 3942 iltis.
313 3888 370 3958 189,
380 3888 490 3942 Novem
496 3892 651 3957 Spernebont,
662 3891 789 3961 (1110st
799 3911 872 3959 rec„
881 3892 975 3946 ceteri
982 3894 1122 3959 Spernebat.
1137 3889 1298 3956 Cf.11,6570

227 3995 285 4046 190.
307 3982 429 4051 Septem
443 3987 549 4042 dicebar.
599 4001 657 4052 ¹9¹·
678 3984 753 4038 Tros
770 3987 854 4052 bores,
872 3987 953 4056 quod
968 3985 1009 4038 Hs
1028 3999 1103 4049 ree„
1124 3982 1219 4036 ceteri
1235 3999 1298 4036 oves.

227 4088 283 4142 roe.
303 4075 483 4168 Quatqperra.
521 4079 580 4148 ¹94·
598 4076 770 4148 Umaliquid,
784 4083 814 4134 de
824 4099 910 4150 quo-
926 4080 1043 4138 Umoris
1056 4081 1083 4132 la.
1097 4077 1139 4132 Hs
1150 4076 1228 4136 cotti.
1237 4076 1299 4132 ates.
