2876 4826
56 1343 59 1348 .
117 1232 314 1388 Accipe,
336 1269 414 1352 Vir
428 1293 592 1354 summe
607 1263 868 1366 venerande,
893 1293 1002 1380 quae
1021 1295 1091 1352 me
1108 1267 1182 1350 im-

119 1428 317 1544 pulerint
334 1455 492 1526 causae,
513 1442 562 1510 ut
577 1424 685 1510 Tibi
700 1423 781 1508 hoc
796 1453 939 1510 meum
956 1455 1066 1540 opus
1081 1455 1185 1540 prae

118 1587 214 1672 aliis
240 1585 487 1670 dedicarem.
547 1585 634 1667 lam
662 1586 805 1696 prius,
832 1613 961 1696 quam
981 1587 1047 1670 Fr.
1069 1586 1181 1701 Aug.

118 1741 296 1842 Wolfii,
325 1761 517 1826 nostrum
541 1742 765 1855 utriusque
786 1743 994 1860 magistri,
1022 1741 1184 1832 scholas
1225 1802 1232 1820 ·

118 1903 446 2016 frequentarem,
466 1901 541 1984 Tu
555 1930 668 1987 unus
690 1931 743 1985 ex
761 1904 866 1988 meis
879 1902 961 1989 illis
974 1907 1184 2022 magistris

119 2062 168 2144 in
182 2057 323 2146 schola
331 2059 509 2144 Halensi
522 2059 662 2160 fuisti,
683 2091 770 2174 quo
786 2060 894 2146 duce
905 2061 1115 2148 Ovidium
1130 2053 1183 2148 ie-

119 2249 222 2336 gere
238 2221 373 2332 coepi.
426 2220 598 2304 Gratam
616 2247 718 2334 ergo
727 2220 830 2320 Tui,
849 2239 898 2305 ut
916 2221 1113 2324 aliorum,
1131 2221 1185 2308 de

121 2377 279 2493 quibus
303 2376 418 2462 illius
437 2379 643 2494 temporis
665 2376 954 2463 lubentissime
973 2379 1181 2486 recordor,

120 2535 393 2638 Rambachii,
423 2535 654 2637 VVetzelii,
683 2537 996 2640 Kiesewetteri,
1024 2538 1182 2640 Massi,

119 2695 309 2795 Dieckii,
328 2685 623 2805 Thormeyeri,
643 2695 918 2798 Btahdornii,
934 2699 1184 2784 memoriam

120 2855 172 2938 in
199 2853 344 2938 auimo
370 2883 515 2953 servo,
544 2870 597 2966 et
623 2853 766 2968 quoad
793 2857 956 2973 vivam,
992 2857 1181 2944 servabo,

122 3014 248 3098 Grati
263 3014 379 3098 enim
396 3012 531 3098 animi
549 3012 749 3096 virtutem
768 3042 865 3098 amo
880 3031 923 3098 et
936 2983 1110 3130 postulo
1130 3018 1183 3101 ab

120 3171 324 3258 omuibus
348 3167 586 3287 discipulis,
623 3202 781 3289 eosque
808 3173 1006 3264 homines
1027 3177 1184 3263 abomi-

121 3361 225 3434 nor,
256 3297 346 3446 qui'
359 3332 520 3446 primos
545 3334 908 3450 stiosmagistros,
938 3336 1096 3450 quibus
1113 3335 1183 3420 ali-

23 3493 32 3506 '
125 3491 229 3606 quid
259 3490 413 3579 debere
436 3493 641 3605 sibiipsis
659 3521 905 3604 persuasum
923 3512 1004 3594 est,
1033 3493 1181 3579 oblivi-

123 3667 302 3736 scantur.
337 3651 498 3756 Verum
516 3681 605 3736 nou
626 3649 763 3736 solum
786 3650 889 3752 haec
899 3655 998 3770 Tua
1015 3653 1071 3750 de
1088 3684 1181 3739 mea

127 3805 365 3914 eruditione
385 3839 432 3896 ao
448 3809 681 3901 litterarum
696 3811 991 3896 Romanarum
1007 3813 1182 3908 scientia

124 3967 302 4078 pristina
328 3973 478 4060 merita
507 4001 576 4056 me
599 3968 715 4056 Tibi¹
730 3968 977 4060 devinctum
1004 3971 1186 4078 faciunt,
1252 3951 1253 3954 i
