2906 4836
487 284 720 352 FASTORUM
742 289 822 350 LlB.
847 289 901 348 lll.

163 471 324 555 Nympha,
356 489 471 547 mone,
500 471 627 532 nemori
649 484 828 554 stagnoque
851 482 987 554 operata
1008 472 1152 534 Dianae:
1230 523 1234 529 .

201 579 367 662 Nympha,
390 581 512 640 Numae
534 577 673 654 coniux,
696 577 736 638 ad
757 590 813 639 tue
835 577 920 639 facta
941 580 1027 644 veni.
1091 609 1094 616 =

157 671 264 754 ¹Vallis
285 683 440 746 Aricinae
463 684 544 748 silva
566 683 774 766 praecinctus
798 704 897 768 opace

199 795 258 854 Est
279 793 369 852 lacus
390 790 522 872 antiqua
544 792 708 873 religione
731 811 833 853 sacer.

161 900 225 960 Hie
247 899 329 959 latet
350 898 549 980 Hippolytus
572 899 671 958 furiis
694 897 874 961 distractus
897 921 1074 985 equorum:

157 1021 160 1028 ·
200 1008 294 1068 Unde
317 1025 429 1066 nemus
450 1007 550 1068 nulus
572 1005 655 1066 uiue
677 1005 780 1066 initur
804 990 908 1089 equis.

158 1115 254 1176 Liuia
276 1113 464 1196 dependent
485 1117 594 1192 longus
616 1113 758 1177 velantia
780 1133 888 1196 sepes,

198 1227 244 1284 Et
264 1222 372 1306 posita
394 1233 446 1282 est
466 1222 605 1281 meritae
626 1221 728 1281 multa
749 1221 869 1282 tabella
895 1221 984 1285 (leae.

158 1331 265 1413 Saepe
287 1342 405 1412 potens
427 1328 518 1406 voti,
540 1327 685 1390 frontem
707 1329 860 1390 redimite
883 1328 1023 1404 coronis,

109 1467 115 1479 ·
197 1437 334 1498 Femina
356 1437 505 1497 lucentes
528 1447 639 1518 portat
661 1435 700 1495 ab
724 1435 805 1496 urbe
828 1436 930 1496 l'uees.

156 1547 273 1626 Regna
295 1555 411 1605 tenent
431 1543 604 1624 sortesque
625 1563 740 1619 manu,
766 1542 972 1625 pedibusque
995 1543 1150 1624 fugaces3

197 1657 244 1714 Et
265 1654 355 1734 perit
378 1650 526 1732 exemplo
547 1649 717 1732 postmodo
740 1650 875 1733 quisque
899 1669 968 1710 suo.

155 1759 285 1823 Delluit
306 1759 436 1820 incerto
459 1756 633 1838 lapidosus*
647 1777 815 1818 murmure
837 1760 949 1820 rivus:

197 1869 325 1949 Saepe,
350 1863 408 1925 sed
429 1863 552 1944 exiguis
573 1865 760 1944 haustibus,
783 1865 859 1926 inde
882 1863 962 1928 bibi.

154 2050 1230 2080 mm

227 2173 287 2232 261.
310 2172 409 2230 Noun.
424 2174 537 2228 nemoris.
557 2202 591 2212 —
615 2171 734 2244 Septem
749 2183 779 2226 et
794 2172 860 2230 edel.
877 2172 984 2244 quaed.
999 2178 1130 2242 adoperta,
1151 2177 1232 2246 quod

154 2267 197 2320 Hs
209 2266 379 2338 plae.,·n0n
392 2277 490 2318 tamen
502 2281 566 2322 ree.
601 2265 659 2326 666,
679 2265 741 2317 Alii
757 2287 844 2332 sacra,
862 2267 1007 2334 aliisesta,
1024 2267 1105 2338 quod
1117 2278 1230 2321 utrum·

156 2377 216 2433 que
229 2361 462 2431 praeferentium
476 2368 578 2412 censet
595 2358 637 2410 Hs
655 2360 765 2426 etsestu
781 2377 859 2427 reu,
875 2361 969 2414 ceteri
972 2362 1052 2428 faeta
1056 2399 1067 2425 ,
1084 2363 1164 2432 quod
1178 2379 1231 2434 ego

155 2453 282 2510 retinui.
321 2455 381 2506 663.
403 2455 478 2505 Tres
490 2464 572 2517 acute,
588 2468 638 2508 un.
654 2454 727 2518 opica
739 2454 887 2524 (aprica).
930 2453 988 2520 664.
1010 2454 1136 2507 Plurimi
1151 2457 1229 2508 heus.

155 2549 219 2604 666.
245 2549 307 2602 Alii
328 2567 363 2601 ex
377 2549 481 2620 optim.
497 2549 571 2602 iacet.
594 2577 628 2586 -
651 2546 741 2598 lllulti
762 2547 850 2599 etium
866 2548 983 2605 melior.
987 2547 1074 2616 seu-iis
1086 2551 1230 2618 distraetus,

155 2641 240 2712 quod
251 2659 307 2713 ego
319 2644 439 2716 recepi,
452 2642 580 2709 duosur.
596 2643 720 2709 direptus,
740 2641 822 2712 quod
833 2641 875 2694 Hs
893 2660 1072 2706 rec.,non11.
1086 2646 1146 2696 loris
1156 2647 1229 2698 distr.

154 2737 221 2793 666.
240 2737 328 2813 Quat.
342 2739 431 2802 initur,
450 2737 532 2808 quod
546 2735 588 2788 Hs
604 2753 684 2801 reu,
702 2735 797 2788 ceteri
812 2737 905 2792 aditur.
949 2736 1007 2805 667.
1029 2737 1177 2792 Similiter
1193 2739 1230 2792 de
1266 2789 1268 2792 .

155 2830 271 2882 arbore
284 2829 406 2883 Cereris
421 2845 507 2882 sucre
522 2839 628 2881 noster
641 2829 777 2894 M.V111‚
794 2832 855 2897 744,
871 2832 946 2880 vittae
956 2833 1061 2881 mediam
1072 2846 1231 2899 memoresque

155 2924 262 2976 tabellae
272 2926 386 2990 Sertaque
398 2926 527 2994 cingebant
538 2925 588 2973 uoti
596 2935 742 2993 argumenta
753 2935 890 2990 potentum.
926 2925 976 2993 261)
1005 2925 1080 2976 Tres
1095 2926 1230 2976 multisre·

154 3021 219 3074 dim.
238 3015 327 3088 Virg.
336 3019 371 3074 A.
380 3017 436 3070 Vll
447 3055 455 3084 ,
471 3018 531 3086 765,
553 3017 850 3086 Namqueseruulfizma
861 3019 1043 3086 Hippufflum,
1053 3017 1184 3086 postquam
1196 3047 1231 3058 -

152 3115 252 3182 patrias
271 3113 372 3180 explerit
386 3114 506 3181 sanguiue
519 3129 610 3178 poenas
628 3113 747 3163 Tmbutis
761 3114 895 3164 distraetus
910 3115 990 3180 equis,
1010 3119 1045 3165 ud
1053 3118 1134 3165 sidera
1145 3133 1231 3167 rursus

154 3209 283 3262 Aetheria
301 3237 336 3246 -
352 3208 453 3264 uenisse.
482 3207 549 3258 Tum
568 3208 656 3258 Triuia
671 3209 838 3275 Hippolytum
856 3211 956 3259 seeretis
971 3211 1038 3259 altnu
1061 3212 1168 3262 recondit
1189 3213 1231 3263 Se·

155 3305 247 3368 dibus,
270 3314 293 3354 et
316 3303 440 3370 tymphae
462 3302 567 3371 Egeriae
585 3304 722 3370 nemorique
740 3305 840 3372 relegat.
875 3306 946 3354 Unde
964 3307 1038 3355 etiem
1059 3307 1146 3372 templo
1172 3307 1230 3357 Tn'·

157 3399 212 3447 viae
231 3399 339 3465 lucisque
357 3397 462 3447 sacratis
483 3397 629 3464 cornipedes
645 3407 759 3447 areentur
775 3398 840 3462 equi.
889 3415 947 3465 670.
967 3398 1108 3469 Propert.
1125 3397 1169 3462 Il,
1184 3397 1229 3462 36,

159 3489 230 3556 (lli,
245 3489 313 3558 63),
329 3507 371 3546 ιο.
394 3491 430 3539 Te
441 3490 508 3541 video
518 3491 627 3540 accensis
636 3493 745 3541 deuotam
756 3509 850 3540 currere
863 3494 942 3542 taedis
956 3495 991 3543 In
999 3511 1085 3543 nemus
1098 3503 1121 3541 et
1131 3492 1231 3542 Triviae

156 3585 329 3652 luminaserre
341 3587 411 3639 deae.
454 3599 514 3650 676,
533 3584 655 3654 Septem
673 3584 762 3636 etiam
779 3583 1033 3652 melior.fi>rtesqite
1050 3601 1135 3648 mauu,
1149 3583 1231 3653 quod

156 3680 199 3733 He
212 3697 290 3746 rec„
313 3679 410 3733 ceteri
417 3680 504 3747 fimes
518 3681 643 3736 menibus,
669 3677 757 3732 Ouid.
773 3679 807 3733 Α.
825 3677 859 3731 A.
876 3677 905 3743 I,
922 3679 981 3750 659.
1000 3679 1065 3756 Eeee
1076 3678 1232 3728 suburbanae

159 3777 275 3840 templum
289 3776 409 3826 nemorale
416 3775 527 3839 Dianae,
546 3775 674 3839 Partaque
685 3791 728 3840 per
736 3773 834 3841 gladios
845 3791 920 3842 regua
935 3783 1031 3826 nocente
1042 3789 1128 3827 manu.
1146 3769 1230 3823 Stra·

160 3865 200 3918 bo
211 3866 250 3932 V,
264 3868 291 3926 3.
314 3860 522 3923 KuSlulueae
541 3861 632 3946 ἱερεὺς
648 3862 665 3920 ὁ
681 3857 817 3938 γενηθεὶς
835 3858 984 3944 αὐτόχειρ
997 3863 1059 3918 τοῦ
1067 3850 1231 3941 ἱερωμένου

158 3950 316 4038 πρότερον
325 3957 484 4042 δραπέτης
501 3957 594 4038 ἀνήρ·
612 3955 739 4040 ξιφήρης
749 3951 806 4017 οὖν
817 3955 900 4017 ε’σΊὶν
911 3953 969 4028 ἀεὶ,
988 3948 1113 4034 ἕτοιμος
1122 3950 1231 4028 &pelve-

158 4052 250 4110 σθαι.
293 4061 353 4128 674.
371 4059 438 4114 Duo
451 4063 525 4126 bibes,
542 4058 623 4129 quod
631 4058 674 4112 Hs
683 4075 757 4123 ree,
771 4067 885 4128 septem
897 4058 968 4122 utis,
977 4055 1065 4109 multi
1075 4055 1164 4110 etiam
1172 4071 1231 4106 me·

159 4149 232 4209 lior,
242 4152 313 4218 bibit,
325 4169 375 4208 un.
386 4156 458 4220 bilei,
473 4153 568 4207 ceteri
578 4169 678 4206 omnes
693 4155 751 4218 etti,
767 4151 847 4222 quoti
858 4149 984 4210 servavi.
1003 4150 1232 4208 Remumlibum.
1304 4179 1307 4183 -
