2876 4826
219 297 261 367 16
555 297 592 364 P.
614 297 752 366 OVlDll
774 299 954 364 NASONIS

219 487 278 550 eoo
300 485 343 542 Et
366 481 429 541 iam
452 482 636 560 contigerat
657 493 805 566 portam,
829 483 982 543 Saturnia
1005 485 1095 545 cuius

344 592 544 672 Dempserat
567 589 731 671 oppositas
752 588 910 649 insidiosa
933 609 1033 650 seras.
1118 659 1122 672 ³

300 700 381 760 Cum
402 709 492 758 tanto
513 696 640 761 veritus
664 693 869 756 committere
891 696 1023 756 numine
1045 717 1195 779 pugnam,

340 807 414 886 lpse
436 822 528 864 meae
549 801 636 864 movi
660 800 797 862 callidus
821 801 901 860 artis
924 819 1016 884 opus,

298 911 450 992 Oraque,
474 930 536 992 qua
558 911 686 991 pollens
709 927 771 992 ope
794 929 882 985 sum,
905 908 1038 969 i'ontana
1060 910 1191 990 reclusi,

219 1042 277 1100 27⁰
342 1018 485 1098 Sumque
508 1017 700 1099 repentinas
723 1016 903 1078 eiaculatus
925 1035 1032 1098 aquas.

295 1126 381 1185 Ante
403 1136 513 1184 tamen
535 1123 648 1184 calidis
670 1123 794 1184 subieci
817 1123 944 1205 sulfura
965 1124 1067 1199 venis,

336 1229 515 1292 Clauderet
537 1242 573 1290 ut
594 1229 690 1290 Tatio
712 1229 861 1293 fervidus
883 1230 1003 1291 humor
1024 1231 1124 1296 iter..

295 1337 396 1400 Cuius
418 1349 456 1397 ut
477 1335 603 1398 utilitas
626 1335 728 1418 pulsis
750 1351 909 1420 percepta
931 1338 1073 1414 Sabinis,

334 1444 493 1537 Quaeque
515 1441 598 1520 fuit,
620 1455 694 1504 tuto
715 1443 846 1505 reddita
868 1445 975 1506 forma
996 1446 1070 1506 loco
1095 1460 1166 1523 est3

212 1556 270 1633 275
292 1553 359 1612 Aru
380 1551 458 1612 mihi
479 1550 588 1633 posita
610 1563 661 1612 est
682 1572 785 1634 parvo
808 1553 978 1614 coniuncta
1000 1555 1139 1614 sacello:

334 1663 426 1722 Haec
448 1659 558 1721 adolet
578 1657 713 1719 {lammis
736 1679 806 1720 cum
829 1672 921 1720 strue
944 1657 1033 1719 farra
1057 1663 1136 1720 suis.

291 1773 334 1830 At
357 1789 415 1829 cur
435 1788 514 1850 pace
536 1767 637 1844 lates,
660 1767 824 1848 motisque
849 1766 1036 1828 recluderis
1059 1770 1178 1828 armis?

335 1863 404 1936 Neo
426 1894 535 1950 mora,
559 1874 700 1956 quaesiti
723 1873 854 1934 reddita
877 1894 970 1935 causa
992 1874 1084 1934 mihi.

288 1985 332 2044 Ut
352 1983 476 2065 populo
497 1979 625 2042 reditus
645 1993 779 2063 pateant
802 1981 841 2041 ad
863 1982 951 2043 bella
973 1983 1139 2065 prolecto,
1179 1963 1183 1970 ⁴

207 2095 267 2154 280
330 2091 414 2149 Tota
435 2100 528 2170 patet
550 2087 680 2170 dempta
702 2088 796 2148 ianua
819 2103 929 2149 nostra
951 2109 1033 2150 sera.

287 2198 371 2256 Pace
395 2194 486 2256 fores
507 2193 612 2268 obdo,
635 2215 677 2254 ne
700 2215 763 2276 qua
785 2194 954 2256 discedere
977 2199 1105 2278 possit:

328 2305 558 2385 Caesareoque
583 2301 638 2360 diu
661 2302 790 2363 nomine
815 2303 938 2363 clausus
960 2324 1030 2368 ero.

285 2410 397 2486 Dixit,
421 2423 473 2486 et,
497 2409 650 2470 attollens
672 2411 784 2471 oculos
806 2410 936 2474 diversa
959 2424 1102 2487 tuentes,

325 2517 486 2600 Adspexit
507 2529 579 2578 toto
600 2517 762 2601 quidquid
784 2519 818 2579 in
841 2520 921 2580 orbe
944 2519 1021 2580 fuit.

271 2745 331 2802 265.
347 2743 410 2796 Alii
424 2745 617 2814 contigerant,e
632 2743 759 2804 dundee,
777 2756 875 2801 nostr.
890 2746 931 2798 Hs
949 2763 1011 2800 rec,
1024 2777 1057 2784 —-
1070 2727 1128 2796 Pio
1141 2749 1212 2796 cuius
1225 2746 1264 2796 ali
1270 2745 1278 2794 i

200 2850 297 2904 eustos,
313 2837 365 2890 alii
378 2839 451 2903 ciris,
466 2855 516 2893 un.
530 2836 611 2902 Iuno,
627 2838 703 2891 alius
721 2842 822 2896 coniux.
848 2841 889 2892 Hs
907 2859 981 2896 rnav.
995 2841 1070 2906 posti.
1107 2838 1166 2894 266.
1184 2837 1276 2892 Codd.

199 2935 266 2987 sere
281 2949 381 2986 omnes
397 2933 443 2997 id,
466 2931 547 3003 quod
563 2933 684 3003 recepi,
702 2933 830 3001 l1al>ent3
853 2935 911 2987 duo
926 2937 1068 3002 oppositas,
1085 2931 1167 3002 quod
1184 2931 1225 2984 Hs
1247 2937 1280 2984 et'
1299 2969 1302 2976 ,

197 3027 301 3085 Burm.
311 3044 430 3096 recep.,
449 3028 506 3080 etsi
519 3029 628 3078 obserare
645 3038 674 3080 et
691 3048 807 3094 opponere
822 3048 901 3078 seram
914 3027 987 3079 alibi
1001 3043 1090 3096 saepe
1107 3025 1230 3082 dicitur.
1244 3055 1277 3066 —

197 3121 260 3174 Alii
284 3125 421 3186 invidiosa,
437 3140 488 3178 un.
510 3124 651 3191 ingeniosa,
675 3121 787 3192 pleriq.
809 3125 884 3177 insid,
902 3121 982 3192 quod
1002 3139 1027 3177 c.
1048 3121 1127 3175 Ciof.
1143 3120 1196 3176 Hs.
1213 3136 1276 3176 rec.

197 3213 259 3272 268.
277 3215 353 3268 Tres
366 3217 512 3267 calliditatis
523 3236 594 3283 opus.
610 3245 642 3255 -
660 3215 775 3287 Pleriq.
785 3236 859 3283 opus,
874 3216 955 3287 quod
967 3216 1098 3268 servavit
1113 3214 1173 3278 Hs,
1192 3224 1279 3284 quat-

195 3328 274 3376 opem.
310 3325 370 3371 27¹·
388 3308 497 3360 Decem
513 3312 610 3374 ualidis,
626 3309 708 3379 quod
721 3325 776 3379 ego
789 3327 869 3376 rou,
889 3310 1000 3382 pleriq.
1012 3302 1132 3368 mdatdis.
1150 3309 1193 3360 Hs
1210 3309 1275 3361 eine

196 3402 284 3459 codd.
298 3401 376 3458 cdid.
388 3404 491 3472 gelidis.
509 3402 544 3454 Iu
560 3405 650 3454 calidis
666 3411 711 3454 est
727 3401 894 3474 Prolcpsis.
912 3403 1015 3459 Burni.
1033 3405 1097 3456 vult
1115 3405 1210 3459 mediis,
1229 3403 1274 3453 De

194 3495 349 3566 scriptura
362 3495 447 3564 snyar
466 3511 503 3546 an
522 3499 628 3563 sulphur
641 3494 836 3553 dissentiunt.
872 3498 934 3564 273,
952 3497 993 3549 lls
1013 3515 1039 3553 c.
1057 3496 1137 3554 ciof.
1153 3515 1168 3548 e
1187 3495 1274 3553 codd,

189 3602 312 3658 percepta,
328 3588 381 3641 alii
394 3603 524 3656 comperto,
538 3591 596 3643 duo
602 3604 743 3659 praecepto.
780 3595 838 3661 274.
857 3593 899 3643 Ex
910 3609 971 3644 uno
985 3608 1019 3644 ex
1032 3592 1138 3662 optim.
1153 3591 1195 3644 Hs
1209 3605 1272 3646 reo.

194 3683 312 3752 Quaeque
311 3669 469 3754 fiscel‘eri
480 3700 581 3736 omnes
598 3685 776 3754 Quaefuerat.
786 3716 820 3724 —
829 3684 885 3741 Un.
896 3686 1057 3739 nonhabet
1071 3698 1117 3743 est.
1155 3687 1215 3749 275.
1229 3683 1271 3736 Hs

70 3772 265 3888 snitu.
277 3781 388 3831 Ponitur
395 3798 441 3828 ora
448 3781 523 3835 mihi.
559 3781 619 3846 276,
634 3779 692 3836 Un.
702 3783 779 3830 Hane
790 3781 896 3836 adolent.
915 3780 957 3832 Hs
968 3796 1043 3837 mav.
1053 3783 1113 3831 Hae
1123 3783 1230 3836 adolent,
1239 3809 1273 3819 .-

46 3884 69 3896 *
189 3874 257 3926 Duo
271 3875 402 3930 eumsole,
429 3871 470 3924 Hs
485 3887 560 3928 mov,
573 3875 599 3921 in
617 3883 693 3927 striae.
719 3871 920 3929 Un,turasraeis.
946 3871 1048 3924 Burm.
1063 3874 1122 3944 leg.
1139 3885 1274 3925 oumstrue

176 3968 269 4037 firrtc
279 3985 300 4024 s.
338 3965 398 4023 281.
416 3965 473 4021 Un.
483 3985 560 4022 seros.
597 3965 656 4022 282.
676 3965 769 4022 Codd.
785 3967 896 4036 pleriq.
909 3969 1021 4030 numine,
1035 3977 1099 4019 tres
1111 3967 1213 4038 optim.
1227 3986 1271 4016 ηο-

92 4113 94 4120 ,
188 4063 263 4128 mine,
279 4060 361 4132 quod
371 4060 413 4112 Hs
428 4077 490 4118 rec.
506 4059 596 4112 lanus
609 4059 727 4114 clausus
739 4077 754 4112 a
767 4061 802 4119 U.
813 4060 845 4112 C.
859 4061 920 4130 725.
933 4075 958 4115 a.
968 4076 991 4116 c.
1004 4076 1048 4128 aq.
1075 4057 1143 4118 udi,
1159 4060 1269 4112 Omnes

188 4157 255 4210 iere
270 4159 384 4224 videntes,
401 4153 443 4206 ils
457 4170 572 4212 servas.
587 4165 680 4214 ceter,
695 4155 765 4214 lect.
804 4154 862 4222 284.
880 4153 936 4212 Un.
950 4156 1093 4224 Prospexir,
