2876 4826
211 279 251 338 1'4
362 285 368 298 ’
545 274 582 332 Ρ.
607 273 748 342 OVIDII
767 273 949 336 NASONIS

212 457 270 520 225
292 455 475 516 Laudamus
498 468 652 530 veteres,
677 456 737 516 sed
756 456 882 516 nostris
904 456 1028 516 utimur
1052 458 1160 536 annis3

334 566 403 624 Mos
425 576 533 624 tamen
556 575 607 624 est
629 583 732 646 aeque
756 563 870 642 (lignus
890 576 1035 646 uterque
1057 565 1132 626 coli.

291 671 442 732 Finierat
463 667 622 748 monitus3
651 670 791 754 placidis
814 674 860 731 ita
882 690 1016 748 rursus2
1039 685 1076 733 ut
1098 685 1185 749 ante,

268 801 270 808 ·
337 778 543 859 Clavigerum
564 777 677 838 verbis
700 779 850 860 alloquor
872 779 944 860 ipse
968 779 1080 846 deum:
1158 807 1161 812 ·

291 888 391 948 ululas
415 887 546 970 quidem
569 885 689 947 didici:
715 886 774 946 sed
796 907 853 946 cur
875 887 997 949 navalis
1019 886 1053 946 in
1076 906 1153 946 aere

212 1000 269 1060 230
332 996 453 1056 Altera
476 995 603 1076 signata
625 1006 692 1068 est,
716 993 820 1054 altera
842 991 946 1053 i'orma
967 993 1105 1076 biceps?

291 1106 439 1164 Noscere
460 1123 512 1162 me
536 1099 659 1183 duplici
681 1117 795 1181 posses
816 1100 851 1160 in
872 1099 1030 1180 imagine,
1054 1100 1147 1176 dixit,

331 1212 372 1272 Ni
395 1225 490 1276 vetus
513 1209 585 1292 ipsa
607 1206 678 1268 dies
701 1219 896 1268 extenuaret
917 1229 1010 1290 opus.
1106 1237 1111 1246 ·

291 1319 395 1379 Causa
417 1318 499 1379 ratis
522 1326 696 1399 superest:
727 1316 868 1374 Tuscum
890 1317 1076 1388 ratevcnit
1105 1317 1138 1376 in
1161 1337 1286 1376 emnem

331 1428 416 1487 Ante
438 1436 615 1510 pererrato
637 1420 771 1482 falcifer
792 1421 874 1482 orbe
897 1422 990 1484 deus.

211 1532 268 1594 235
290 1534 361 1592 Hae
383 1553 445 1615 ego
467 1534 643 1594 Saturnum
663 1527 796 1589 memini
818 1529 940 1590 tellure
963 1543 1157 1612 receptum

335 1639 519 1701 Coelitibus
542 1635 656 1720 regnis
680 1635 719 1696 ab
742 1634 819 1698 love
842 1637 956 1717 pulsus
977 1649 1060 1698 erat.

291 1747 369 1806 Inde
394 1747 450 1808 diu
473 1746 561 1826 genti
582 1744 701 1815 mansit
723 1743 877 1804 Saturnia
898 1765 1033 1805 nomen:

331 1853 431 1913 Dicta
454 1872 584 1934 quoque
607 1863 658 1912 est
679 1849 809 1910 Latium
831 1862 940 1927 terna,
963 1854 1089 1912 latente
1113 1852 1183 1917 deu.

289 1961 332 2020 At
353 1960 439 2021 bona
460 1958 636 2042 posteritas
658 1956 794 2039 puppim
818 1957 963 2020 servavit
985 1957 1018 2016 in
1041 1978 1130 2034 aere,

210 2079 267 2140 240
331 2065 479 2149 Hospitis
499 2068 673 2130 adventum
695 2065 872 2126 testificata
896 2065 961 2124 dei.
1088 2039 1120 2070 ³

290 2177 365 2257 Ipse
388 2174 493 2234 solum
514 2173 619 2248 colui,
644 2173 738 2234 cuius
760 2173 978 2255 placidissima
999 2173 1128 2235 laevum

329 2281 429 2341 Radit
451 2281 579 2342 arcnosi
603 2280 750 2340 Tibridis
771 2280 858 2340 untia
879 2279 976 2344 latus.

288 2388 369 2464 Hic,
403 2388 460 2449 ubi
492 2410 578 2449 nunc
607 2391 709 2450 Roma
739 2402 806 2464 est,
846 2388 1002 2449 incaedua
1032 2388 1111 2450 silva
1141 2388 1282 2465 virebat,

329 2501 498 2578 Tantaque
520 2517 576 2557 res
597 2498 712 2580 paucis
735 2517 855 2580 pascua
876 2497 983 2558 bubus
1006 2509 1088 2558 erat.

209 2607 268 2677 245
290 2605 359 2662 Arx
390 2623 461 2662 mea
494 2603 590 2664 collis
623 2617 715 2681 erat,
747 2625 843 2687 quem
874 2605 996 2666 cultrix
1017 2583 1149 2666 nomine
1171 2619 1284 2666 nostro

328 2713 499 2793 Nuncupat
520 2710 602 2772 haec
626 2723 729 2788 aetas,
753 2711 996 2793 ianiculumque
1018 2725 1125 2779 vocat.

275 3013 334 3066 227.
354 2997 464 3076 Quinq.
478 3001 588 3054 monitis.
625 3005 684 3058 228.
702 2999 769 3050 Duo
782 3000 869 3070 dictis,
901 2995 961 3052 230.
978 2996 1168 3064 Ducformcta
1179 3010 1223 3054 est,
1242 2997 1284 3048 Hs

206 3106 280 3146 mav.
292 3094 401 3160 si'gnato.
438 3093 497 3149 231,
512 3091 603 3144 Multi
616 3105 644 3142 ut
655 3096 733 3161 imag.
751 3092 815 3142 Hoc
828 3092 965 3162 praefert
979 3092 1084 3147 Heinz.
1101 3093 1120 3146 l.
1135 3109 1159 3149 c.
1170 3103 1199 3144 et
1213 3103 1283 3162 post

207 3183 266 3253 leg.
278 3187 307 3233 Si
319 3197 398 3241 vetus,
434 3185 493 3241 232.
509 3186 571 3237 Alii
593 3198 763 3236 extenuasset:
786 3176 884 3240 nostr.
902 3202 936 3236 ex
955 3185 1149 3242 melioraret,
1167 3185 1216 3240 Hs.
1231 3204 1284 3240 un.

205 3289 365 3334 attenuasset.
409 3278 469 3334 236.
487 3279 548 3330 Alii
567 3284 676 3345 anvc,
699 3297 714 3332 e
737 3279 856 3334 melior.
869 3282 900 3331 ab
917 3296 980 3335 rec.
995 3279 1049 3335 Hs.
1092 3278 1151 3335 238,
1171 3280 1282 3356 Quinq.

205 3371 350 3440 Dictafuit
363 3373 394 3427 L.
430 3371 488 3431 239.
507 3372 596 3426 Multi
600 3375 727 3442 firmavit
731 3397 742 3440 ,·
761 3391 794 3427 ex
808 3385 923 3446 septem
935 3373 1040 3444 optim.
1055 3383 1154 3430 nostr.
1166 3373 1207 3425 Hs
1219 3390 1282 3428 rec.

125 3495 127 3500 v
206 3469 265 3533 alpi.
285 3465 375 3518 Multi
389 3468 474 3522 coluit.
510 3469 764 3547 242.Q11at.resit.
801 3469 861 3536 243.
879 3468 1189 3533 Multituncarducs.;
1212 3478 1281 3520 octo

204 3559 325 3617 melior.
339 3569 438 3616 nostr,
451 3560 574 3627 habeut,
590 3564 671 3634 quod
686 3565 739 3621 Hs,
753 3581 816 3622 rec.
852 3567 912 3630 244.
930 3563 993 3616 Alii
1008 3566 1083 3615 bobus
1094 3575 1178 3629 ωιτη
1196 3580 1280 3616 cmc·

206 3653 278 3711 lior.
289 3663 388 3710 nostr.
398 3669 459 3710 rec.
468 3655 522 3712 Hs.
541 3655 655 3712 Tibull.
665 3657 702 3721 11,
717 3658 744 3722 5,
759 3657 802 3712 25.
817 3656 1074 3728 Tuncpascebant
1084 3658 1216 3710 herbosa
1227 3657 1280 3707 Pa-

206 3747 279 3801 latia
294 3765 417 3813 vaccae,
439 3750 478 3802 Et
496 3750 615 3803 stabant
629 3748 755 3802 humiles
771 3750 801 3801 in
817 3748 897 3801 Iovis
916 3767 984 3804 arce
1000 3767 1095 3808 casae.
1112 3751 1158 3808 Cf.
1173 3751 1281 3822 tutta

206 3842 267 3908 245.
285 3842 329 3895 lta
344 3861 379 3894 ex
390 3844 636 3914 aliquotmelior.
649 3845 709 3915 leg.
721 3844 814 3916 Neap.
824 3844 934 3910 etHs.;
955 3843 1007 3896 alii
1017 3845 1142 3896 Arxmea
1156 3858 1191 3898 est
1205 3847 1284 3910 collis,

207 3935 259 3986 alii
270 3937 295 3986 in
306 3955 348 4002 ea,
363 3937 415 3989 alii
426 3951 462 3988 est
471 3941 538 4003 colli,
554 3938 604 3990 aiii
614 3960 699 4006 quum.
712 3939 754 3992 Hs
763 3955 837 3996 mav.
847 3941 911 3990 Arx
926 3957 980 3990 mea
993 3939 1095 3990 collisis
1106 3951 1154 4005 est,
1166 3959 1237 4006 quem
1250 3968 1284 3978 -

206 4029 267 4082 Pro
279 4033 371 4084 cultrix
386 4033 473 4091 codd.
490 4036 556 4086 fere
574 4050 675 4088 omncs
694 4037 797 4104 vulgus,
812 4051 938 4105 proquo
948 4033 990 4086 Hs
1008 4049 1023 4085 e
1039 4033 1138 4087 trihus
1153 4051 1214 4092 rec.
1230 4035 1281 4084 cul-

206 4127 266 4184 m'sr,
295 4121 296 4126 ¹
