2846 4822
452 285 688 350 Fastofltttt
716 285 794 348 mu.
825 287 865 354 V.

122 472 227 554 Saepe
250 469 330 532 deus
352 466 498 551 prudens
519 469 649 550 tergum
672 467 817 530 demittit
839 469 872 530 in
894 467 1008 545 undas,

161 581 308 638 Haereat
331 587 365 636 ut
390 575 474 636 collo
498 573 621 636 lortius
645 573 701 636 illa
723 594 794 637 suo.

121 684 293 746 Litoribus
314 682 544 762 taetispstabat
559 681 633 762 ¹sine
656 680 814 743 cornibus
835 683 914 743 ullis
1142 687 1201 750 615

162 790 332 872 luppiter,
356 789 456 872 inque
479 788 576 850 deum
600 789 641 850 de
662 787 746 853 luove
768 807 882 853 versus
903 801 994 850 erat:

124 900 253 958 Taurus
284 896 346 957 init
377 897 524 970 eoelum:
555 908 608 972 te,
640 895 776 974 sidoni,
812 897 961 978 luppiter
992 897 1119 979 implet,

161 1007 310 1086 Parsque
332 1017 423 1066 tuum
449 1005 559 1065 terrae
582 1003 683 1065 tertia
704 1023 824 1073 nomen
844 1003 954 1067 habet.

125 1115 198 1174 Hoc
218 1112 274 1172 alii
298 1113 426 1194 signum
446 1111 597 1172 Phariam
619 1111 734 1172 dixere
756 1111 939 1188 iuvencam,

65 1275 67 1282 s
166 1219 258 1312 Quae
280 1218 340 1280 bos
362 1237 403 1279 ex
424 1216 554 1279 homine
577 1229 643 1292 est,
668 1237 707 1278 ex
731 1218 816 1281 bove
839 1220 925 1281 l'aota
948 1219 1018 1284 tlea.
1127 1221 1202 1308 'oto

124 1324 206 1388 Tum
229 1346 360 1411 quoque
382 1326 568 1410 priscorum
590 1327 683 1406 virgo
700 1325 874 1388 simulacra
897 1327 1046 1389 virorum

164 1436 297 1498 Mittere
321 1434 466 1496 roboreo
488 1431 620 1515 scirpea
640 1446 742 1515 ponte
765 1434 859 1496 solet.

124 1544 275 1625 Corpora
298 1555 374 1626 post
395 1540 508 1618 deoies
531 1559 628 1601 senos
651 1539 708 1620 qui
730 1537 875 1600 credidit
896 1557 996 1601 annos

164 1649 262 1710 Missa
283 1649 375 1726 neci,
399 1648 537 1710 sceleris
559 1645 698 1713 oiimine
722 1644 948 1710 damnaturos

124 1758 222 1826 Fama
249 1767 362 1820 retus:
392 1767 460 1816 tum
491 1775 589 1838 quum
618 1752 773 1816 Saturnia
803 1764 897 1814 terra
916 1767 1030 1818 vocata
1057 1759 1200 1835 est,t125

163 1863 257 1924 'l'alia
278 1861 406 1924 l'atidiei
429 1861 515 1924 dicta
536 1863 634 1924 fuero
657 1860 727 1922 dei:

124 1971 293 2036 Faloil'ero
315 1970 417 2032 libata
440 1971 511 2032 seni
534 1971 598 2031 duo
621 1987 784 2050 corpora,
809 1978 935 2047 gentes,

163 2079 304 2156 mittite,
327 2097 410 2162 quae
435 2078 551 2140 'l'usois
574 2077 781 2160 excipiantur
804 2077 909 2158 aquis.

1175 2291 1205 2304 nu.

198 2445 260 2502 61³.
277 2443 319 2496 Ex
329 2443 418 2500 duob.
429 2454 491 2515 opt.
503 2455 533 2499 et
543 2445 580 2498 al.
591 2445 677 2502 mult.
686 2440 730 2496 Hs
739 2459 801 2501 rso.
810 2445 926 2509 demittit,
935 2442 1021 2496 multi
1031 2444 1146 2508 dimittit,
1153 2460 1203 2502 un.

131 2539 252 2602 dimittis,
264 2536 387 2608 plurimi
403 2539 509 2595 dimisit.
543 2539 603 2605 ort.
623 2537 679 2594 Uu.
691 2547 753 2607 opt.
767 2546 798 2590 et
816 2534 875 2587 duo
892 2535 930 2593 al.
942 2547 1018 2606 tergo.
1053 2536 1112 2606 612.
1132 2535 1204 2588 Era-

127 2629 343 2688 rostocitast.
359 2635 400 2696 ιη.
419 2624 542 2708 Ταῦρος
559 2620 685 2701 Ἇὲγεται
704 2622 823 2694 ἐντοῖς
841 2618 966 2705 ἄσΊηυις
984 2621 1133 2695 τεθῆναι,
1151 2621 1205 2682 διὰ

128 2719 168 2780 τὸ
183 2714 332 2804 Εὐρώπην
348 2718 478 2798 ἀγαγεῖν
494 2718 526 2778 ἐκ
543 2717 687 2791 Φοινίκης
705 2717 747 2788 εἰς
757 2716 882 2804 Κρήτην
898 2715 954 2778 διὰ
969 2727 1029 2780 τοῦ
1039 2720 1203 2800 πελάγους.

127 2822 189 2892 ⁶19.
209 2821 298 2873 Multi
311 2821 347 2874 al.
363 2825 421 2873 Hor
432 2823 491 2873 coeli
502 2823 585 2890 sigu.,·
602 2829 700 2878 nostr.
714 2820 859 2879 amolior.
872 2821 913 2874 Hs
929 2840 952 2879 e.
964 2821 1039 2879 Cios.
1051 2839 1112 2880 reo.
1130 2824 1205 2879 Edd.

126 2931 221 2972 noun.
237 2917 273 2966 Et
285 2917 344 2967 oceli
356 2935 378 2974 s.
396 2915 539 2968 Fabulam
550 2913 617 2978 lus,
638 2913 739 2966 inachi
754 2913 835 2966 filiae
851 2914 914 2966 sive
931 2914 1021 2968 Isidis
1038 2932 1061 2974 v.
1082 2917 1113 2967 in
1125 2915 1166 2973 Μ.
1182 2919 1204 2980 1,

124 3009 179 3066 683
192 3026 238 3080 sq.
252 3009 304 3062 ubi
318 3012 378 3078 747.
398 3013 475 3061 Nune
486 3009 532 3060 dea
542 3009 647 3078 linigera
659 3007 747 3058 colitur
755 3007 908 3060 celeberrima
920 3009 1003 3064 turba.
1048 3008 1108 3067 621.
1128 3009 1205 3063 Octo

128 3108 170 3158 Tu
187 3121 324 3173 quoque-
339 3105 386 3157 Un
411 3121 447 3157 ex
463 3113 528 3175 opt.
540 3103 629 3172 uulgo,
645 3099 727 3171 quod
738 3100 780 3154 Hs
793 3100 870 3172 plau,
885 3131 920 3142 -
933 3101 1000 3154 Duo
1012 3112 1076 3174 opt.
1088 3111 1119 3156 et
1136 3114 1206 3157 ooto

123 3201 162 3256 al.
173 3205 284 3264 deorum,
299 3213 354 3267 pro
368 3217 471 3262 reorum,
484 3207 518 3250 ut
531 3205 618 3266 putat
630 3195 683 3252 Hs.
718 3194 780 3251 dan.
798 3194 891 3248 iidem
899 3195 958 3248 duo
968 3197 1043 3248 Mitti
1055 3221 1089 3238 *a
1104 3197 1160 3256 Uu.
1172 3214 1207 3250 ex

90 3359 95 3368 Ι
124 3295 169 3347 his
181 3295 268 3353 solent,
284 3292 361 3343 nlius
376 3308 408 3343 ux
422 3301 484 3360 opt.
497 3293 568 3347 soles.
583 3286 640 3345 Un.
651 3292 749 3341 robusto
759 3309 797 3346 sc.
810 3317 844 3330 -
861 3289 963 3342 Varro
976 3288 1009 3348 L.
1021 3289 1207 3362 L‚t⁷1.p.90.

124 3387 288 3456 Argaifiunt
299 3404 311 3436 a
321 3387 424 3450 srt'rpris
436 3387 563 3456 virgultis:
579 3385 783 3436 simulacrorum
795 3383 923 3434 domiuum
931 3384 1050 3452 triginta:
1063 3401 1092 3434 eo
1104 3395 1205 3450 quotati-

126 3479 166 3530 m‘s
176 3497 193 3528 a
205 3489 279 3546 ponte
292 3479 401 3530 Satticio
420 3497 436 3528 n
453 3481 620 3530 sacerdotibus
631 3478 729 3544 publice
747 3479 797 3527 ίανί
814 3477 891 3527 solent
909 3477 936 3527 in
952 3478 1074 3527 'I't'deritm'
1098 3477 1206 3529 Festus

125 3593 150 3624 ν.
160 3571 262 3640 Argei,
279 3571 382 3640 Argoos
394 3573 512 3624 rotabant
521 3573 629 3638 scirpeus
641 3571 738 3642 effigies
744 3605 756 3636 ,
766 3585 829 3636 quos
836 3588 881 3636 per
891 3571 996 3638 air-giam
1007 3569 1123 3620 Vestales
1134 3573 1209 3622 aunis

125 3665 235 3734 siugulis
247 3663 401 3714 iaculantur
411 3665 437 3714 iu
452 3665 569 3718 Tiberim.
595 3665 667 3721 dud.
687 3665 753 3716 Duo
767 3680 800 3716 ex
813 3671 876 3736 opt.
890 3664 1009 3728 condidit,
1019 3662 1100 3716 sorte
1110 3673 1206 3730 reete,

124 3757 210 3812 addit
228 3757 330 3817 Burm.
382 3755 443 3813 oso.
466 3755 610 3812 Meliores
617 3759 710 3826 fuera,
730 3757 883 3826 sstfltissa
895 3786 929 3796 -
941 3750 999 3814 Ua.
1011 3765 1126 3810 tantum
1143 3767 1207 3828 opt,

125 3853 180 3918 dii,
196 3850 276 3922 quod
292 3848 335 3904 Hs
352 3865 434 3915 reu,
452 3847 510 3902 otti
528 3849 605 3904 idem
618 3868 693 3910 mar.
709 3851 794 3917 Iouis,
807 3849 889 3921 quod
898 3868 949 3910 un.
962 3866 997 3904 ex
1014 3861 1077 3922 opt.
1090 3867 1105 3901 a
1119 3867 1208 3906 mauu

125 3944 218 4019 prim.
230 3943 332 4008 habet,
355 3952 413 4001 eut.
428 3957 530 3996 omnes
543 3946 619 3998 nno.
636 3975 669 3987 -
684 3945 808 4016 Dionys.
825 3945 890 4003 Hal.
906 3946 1010 4017 antiq.
1024 3945 1046 4004 1.
1065 3964 1094 4018 p.
1114 3949 1145 4001 ιθ
1161 3947 1208 4006 ed,

126 4039 211 4111 syth.
234 4036 390 4094 oraculum
406 4036 486 4092 loris
501 4036 657 4093 Dodonaei
678 4039 773 4094 fuisse
792 4037 845 4096 ait.
867 4039 928 4092 Alii
942 4037 1097 4109 Apollinis
1114 4036 1207 4094 luisse

127 4135 243 4190 dicunt.
1193 4134 1205 4146 ⁸
