2914 4836
483 296 714 360 FASTORUM
741 300 820 360 LlB.
843 299 883 364 V.

151 479 285 543 Excidit
307 477 450 541 officium
472 479 560 540 tristi
581 479 670 544 milri.
711 480 806 542 Nulla
828 479 945 542 tuebar

191 593 302 664 Rura,
326 606 387 648 nec
408 587 442 648 in
463 586 574 668 pretio
595 585 719 646 l'ertilis
739 585 852 648 hortus
873 600 955 652 erat.

151 695 238 757 Lilia
261 691 469 754 deciderenta
493 691 595 756 violes
615 710 712 753 arere
729 691 876 770 rideres,

191 801 329 881 Filaque
352 798 488 881 punicei
509 797 660 877 languida
682 797 766 860 facta
789 801 891 860 oroei.

118 983 124 1010 ι
154 908 260 989 Saepe
281 905 362 966 mihi
385 903 574 987 Zephyrus,
595 908 699 968 Dotes
722 925 936 990 corrumpere
958 903 1026 967 noli

196 1019 267 1094 lpsa
288 1025 378 1086 tuas,
403 1012 496 1074 dixit.
537 1016 606 1074 Dos
626 1014 706 1074 mihi
728 1015 804 1077 vilis
827 1027 911 1075 erat.

153 1121 333 1182 Floreliant
357 1121 467 1199 oleae3
493 1121 580 1184 venti
602 1141 748 1183 nocuere
770 1121 933 1204 protervi.

195 1227 378 1288 Florebant
400 1239 550 1306 segetes3
574 1227 730 1306 grandine
752 1229 838 1288 laesa
860 1231 975 1290 Ceres.

156 1339 193 1396 ln
215 1356 271 1418 spe
294 1335 373 1399 vitis
395 1347 486 1396 erat:
510 1337 636 1394 coelum
657 1335 819 1414 nigrescit
840 1334 879 1394 ab
901 1335 1042 1412 Austris,

196 1445 240 1501 Et
263 1441 371 1502 subita
392 1441 528 1502 frondes
551 1441 763 1502 decutiuntur
778 1463 877 1524 aqua.

157 1551 224 1610 Nec
246 1548 336 1612 volui
357 1546 450 1624 lieri,
473 1567 535 1608 neo
557 1569 629 1608 sum
651 1547 795 1608 crudelis
817 1549 851 1609 in
872 1549 940 1608 ira:
994 1553 997 1558 ’

198 1658 285 1718 Cura
307 1654 491 1739 repellendi
514 1653 574 1714 sed
593 1653 674 1714 mihi
696 1654 785 1714 nulla
808 1654 882 1716 l'uit.

164 1765 359 1830 Convenere
380 1765 513 1839 Patres,
536 1773 588 1839 et,
611 1759 744 1822 sibene
766 1759 884 1822 iloreat
905 1779 1016 1840 annus,

201 1870 395 1932 Numinibus
417 1870 538 1932 nostris
562 1889 665 1930 annua
687 1867 773 1930 festa
793 1881 927 1934 vovent.

161 1978 340 2038 innuimus
361 1990 446 2042 voto.
488 1977 611 2040 Consul
635 1996 706 2036 oum
728 1975 867 2038 consule
889 1977 985 2040 ludos

202 2086 373 2147 Postumio
395 2087 520 2147 Laenas
541 2085 739 2170 persoluere
761 2085 850 2150 mihi.

166 2193 338 2285 Quaerere
361 2191 520 2269 conabar,
542 2213 644 2276 quare
666 2192 802 2257 lascivia
823 2192 926 2254 maior

204 2299 266 2360 His
288 2299 377 2361 foret
398 2298 432 2360 in
453 2299 558 2378 ludis,
579 2299 787 2382 liberiorque
810 2301 920 2362 iocus:

165 2407 233 2470 Sed
253 2406 334 2468 mihi
357 2405 536 2485 succurrit,
557 2428 676 2468 numen
697 2429 762 2468 non
785 2427 858 2468 esse
879 2425 1042 2490 severum,

205 2519 356 2597 Aptaque
379 2512 510 2574 deliciis
531 2533 666 2573 munera
687 2514 780 2574 ferre
803 2513 905 2578 deam.

235 2815 298 2873 315.
315 2816 373 2874 Un.
382 2833 416 2870 ex
431 2827 495 2889 opt.
504 2819 627 2882 tenebam,
642 2817 719 2869 alius
730 2818 852 2868 videbam·
887 2795 947 2887 δὴ,
963 2817 1021 2876 Un.
1034 2819 1140 2875 horrere.
1159 2819 1240 2872 Vida-

166 2912 236 2962 dms
249 2908 288 2966 cf.
299 2909 337 2962 ad
349 2927 392 2980 29.
433 2911 495 2972 318.
513 2913 572 2964 Fila
584 2910 623 2968 ef.
637 2911 667 2975 l,
678 2911 739 2978 dds.
756 2909 835 2969 Plin,
845 2909 882 2966 Η.
894 2911 929 2966 N.
937 2911 1012 2977 XXI,
1029 2913 1055 2970 6.
1075 2915 1164 2964 Herba
1178 2909 1244 2966 'orori

168 3017 205 3056 est
208 3005 279 3074 fiilio
284 3015 390 3076 angusto
398 3023 474 3073 paene
483 3008 510 3057 in
516 3006 685 3074 capillamenti
695 3009 803 3063 modum.
839 3003 901 3075 319.
919 3003 966 3063 Οἱ.
975 3001 999 3070 l,
1008 3004 1069 3073 342.
1104 3005 1165 3066 321.
1181 3007 1240 3060 Ho-

169 3109 230 3157 rat.
248 3098 344 3171 Eppd.
361 3097 447 3166 XVI,
464 3117 507 3156 uu.
525 3084 674 3168 quodamque
685 3117 731 3167 per
748 3101 828 3150 undas
844 3102 928 3151 Notus
942 3101 1045 3167 vocabit,
1060 3111 1105 3152 aut
1116 3113 1243 3168 protervus

167 3192 293 3263 Asticus.
327 3193 387 3252 duo.
408 3192 467 3252 Uu.
484 3210 518 3248 ex
534 3203 597 3264 opt.
609 3202 639 3246 et
651 3208 704 3246 sex
718 3192 756 3249 al.
769 3194 849 3258 Ceres,
862 3191 992 3262 quost
1005 3207 1083 3258 reo„
1096 3203 1241 3266 nonroges.

169 3287 281 3340 Noster
295 3287 360 3345 Am.
375 3287 424 3354 lll‚
441 3305 470 3357 7,
487 3287 533 3345 δι.
551 3288 669 3339 Carmine
685 3287 753 3338 besa
767 3287 840 3339 Ceres
851 3288 957 3338 sterilem
971 3289 1078 3340 vannat
1090 3289 1117 3339 in
1131 3291 1242 3341 totam.

170 3376 231 3434 323.
252 3381 341 3456 Quat.
351 3379 467 3446 Λυκίη),-
480 3398 531 3440 uu.
542 3397 577 3434 ex
585 3391 648 3451 opt.
658 3382 742 3446 astris,
756 3379 832 3432 alius
844 3382 870 3431 iu
881 3382 966 3436 asans.
988 3377 1071 3451 Virg.
1082 3379 1244 3446 G.11‚333.

171 3490 215 3522 nee
228 3474 314 3522 metuit
321 3484 449 3543 surgentes
458 3477 592 3543 pampinus
597 3475 720 3538 Austros,
732 3475 793 3526 Aut
800 3485 884 3525 actum
895 3476 958 3524 coelo
969 3474 1068 3544 magnis
1073 3473 1245 3541 Aquilonibus

172 3563 284 3614 imbrem.
306 3563 347 3622 lb.
356 3567 416 3632 404.
430 3567 501 3618 siluis
507 3570 605 3636 Aquilo
612 3571 719 3621 dcerrssit
728 3570 851 3624 honorem.
887 3567 947 3633 324.
967 3567 1025 3624 Un.
1035 3567 1201 3632 melflom.
1211 3595 1246 3606 -

135 3649 138 3656 ’
173 3655 230 3712 Un.
241 3672 275 3708 ex
288 3667 350 3728 opt.
361 3668 391 3711 et
405 3659 508 3732 quinq.
521 3662 558 3720 al.
569 3666 736 3727 eaerutiuntur,
752 3677 845 3732 aequo
856 3657 944 3715 hene.
988 3657 1047 3728 327.
1067 3657 1124 3716 Un.
1135 3675 1169 3710 ox
1181 3669 1246 3730 opt.

175 3749 340 3807 Conveniunt.
375 3751 435 3823 ³²9·
451 3752 493 3806 Ex
509 3754 597 3810 libris
607 3767 668 3814 vet.
676 3756 718 3808 Hs
734 3767 786 3806 voto
796 3771 871 3818 reu,
886 3761 943 3809 eet.
958 3755 1029 3810 rotis.
1065 3751 1126 3810 330.
1144 3751 1201 3806 Un.
1211 3768 1246 3806 ex

174 3850 239 3911 opt.
251 3852 280 3896 et
296 3843 373 3898 alius
388 3848 542 3904 musetum,
560 3848 629 3908 Vin.
645 3849 768 3921 Pighius
787 3847 908 3916 (Annal.
918 3847 953 3903 Τ.
965 3843 1003 3902 ΙΙ,
1014 3863 1045 3916 p.
1058 3845 1125 3912 368)
1138 3841 1246 3899 uxiano

174 3935 240 3990 eod.
256 3937 302 3987 rite
321 3957 410 3995 vovere,
433 3970 467 3980 --
486 3939 520 3998 L,
539 3939 708 3996 Postumius
726 3943 854 3996 Albinus
873 3950 903 3994 et
917 3938 959 4011 Μ,
976 3937 1113 4009 Popilius
1132 3938 1247 3992 Laenas

174 4042 202 4083 a.
216 4027 251 4081 U.
262 4029 324 4090 ὅθι,
342 4047 367 4092 u.
378 4033 410 4091 G.
426 4035 484 4106 173,
519 4034 580 4093 aas.
596 4035 651 4097 Uu.
669 4053 703 4091 ex
720 4047 783 4109 opt.
798 4047 828 4092 et
842 4046 905 4090 tres
918 4031 957 4091 al.
972 4033 1119 4101 alantque.
1137 4063 1170 4074 -
1187 4031 1245 4091 Un.

172 4121 251 4180 loeus.
