2876 4826
486 262 720 330 FASTORUM
742 267 822 328 Ltss.
845 267 884 328 lt.

150 449 189 506 In
212 445 319 508 medio
341 464 462 528 paucos
484 461 694 530 armentaque
717 467 792 508 rara
815 445 1028 528 relinquunt:

196 555 317 613 Cetera
337 552 490 631 virgultis
514 554 624 616 abdita
645 554 742 614 turba
763 557 856 618 latet.

152 661 260 734 Ecce,
290 662 380 722 velut
401 672 535 720 torrens
557 659 653 720 undis
675 659 874 742 pluvialibus
897 674 1010 722 auctus

195 768 261 826 Aut
280 765 374 842 nive,
398 786 480 848 quae
504 767 654 848 Zephyro
676 766 763 829 victa
785 778 919 848 tepente
941 766 1026 840 lluit,
1166 784 1225 834 220

151 872 221 932 Per
248 883 315 931 sata
342 891 469 953 perque
493 872 559 938 vias
586 874 711 948 fertur,
740 893 819 949 nec,
849 886 885 934 ut
908 885 981 934 ante
1004 871 1142 952 solebat,

193 979 353 1060 Riparum
375 980 497 1040 clausas
519 979 663 1058 margine
686 977 757 1040 linit
780 997 893 1059 aquas:

143 1085 211 1176 'Sic
232 1085 328 1146 Fabii
350 1087 426 1147 latis
448 1087 566 1149 vallem
589 1086 787 1146 discursibus
807 1085 956 1167 implent,

197 1192 353 1282 Quosque
374 1191 502 1268 vident,
525 1207 702 1275 spernunt,
725 1213 786 1254 nec
808 1205 914 1254 metus
936 1193 1022 1254 alter
1043 1195 1142 1256 inest.

155 1299 231 1392 Quo
254 1299 367 1375 ruitis,
392 1299 713 1396 generosaudomos?
735 1301 818 1360 male
842 1298 990 1361 creditur
1011 1300 1109 1367 hosti.
1166 1301 1227 1368 225

197 1405 342 1488 Simplex
361 1406 535 1483 nobilitas,
557 1407 683 1489 perlida
705 1408 772 1468 tela
794 1428 880 1472 cave.

154 1512 286 1574 Fraude
307 1512 397 1595 perit
417 1513 536 1578 virtus.
578 1517 613 1574 ln
636 1527 767 1596 apertos
788 1514 932 1596 undique
956 1535 1089 1598 campos

195 1619 377 1680 Prosiliunt
398 1619 528 1697 hostes,
552 1633 585 1682 ct
607 1621 692 1683 latus
714 1642 806 1682 omne
828 1634 953 1686 tenent.

158 1725 248 1816 Quid
268 1724 391 1787 faciant
412 1727 509 1808 pauci
532 1739 649 1788 contra
670 1739 719 1788 tot
741 1727 844 1787 millia
864 1730 990 1794 torres?

198 1833 346 1924 Quidve,
370 1833 459 1916 quod
479 1834 514 1895 in
534 1835 655 1897 misero
676 1848 826 1917 tempore
848 1846 971 1913 restet,
1000 1833 1144 1898 habent?
1168 1842 1226 1904 230

155 1938 249 1999 Sicut
270 1959 350 2022 aper
371 1940 461 2006 silvis
483 1942 580 2024 longe
602 1943 824 2004 Laurentibus
847 1954 940 2002 actus

196 2046 368 2108 Fulmineo
384 2049 520 2110 celeres
544 2049 761 2132 dissipatore
784 2067 896 2126 eanes3

155 2156 229 2214 Mox
249 2167 358 2216 tamen
380 2155 451 2236 ipse
474 2154 583 2235 perit:
604 2155 650 2218 sic
673 2175 739 2218 non
759 2156 947 2218 moriuntur
969 2153 1080 2235 inulti,

196 2265 407 2344 Vulneraque
431 2263 557 2324 alterna
579 2264 720 2345 dantque
742 2263 920 2344 feruntque
943 2284 1048 2329 manu.

155 2369 224 2429 Una
247 2368 316 2430 dies
335 2368 453 2430 Fabios
475 2368 515 2430 ad
534 2369 658 2430 bellum
677 2368 814 2430 miserat
836 2389 967 2431 omnes:
1166 2370 1226 2436 ..35

197 2475 248 2536 Ad
268 2476 392 2536 bellum
413 2476 525 2538 missos
547 2475 695 2558 perdidit
716 2497 779 2536 una
802 2475 883 2539 dies.

155 2587 200 2644 Ut
220 2597 328 2644 tamen
348 2584 535 2645 Herculeae
557 2593 769 2664 superessent
791 2581 914 2644 semina
936 2584 1055 2663 gentis,

197 2691 365 2752 Credibile
388 2704 439 2752 est
461 2692 548 2772 ipsos
571 2688 776 2750 consuluisse
799 2688 891 2753 deos.

155 2799 235 2860 Nam
256 2819 339 2880 puer
361 2799 508 2881 impubes
529 2808 564 2858 ct
585 2794 687 2854 adbuc
708 2814 773 2854 nou
793 2795 885 2854 utilis
908 2795 1005 2854 armis

196 2907 284 2966 Unus
309 2905 348 2965 de
369 2905 471 2967 Fabia
496 2916 594 2987 gente
615 2899 756 2978 relictus
779 2912 862 2976 erat,
1008 2947 1012 2954 ι
1167 2909 1225 2974 240

205 3166 265 3220 217,
279 3150 514 3229 Quindewauca,
523 3165 574 3204 un.
582 3159 662 3214 rapta,
673 3145 730 3198 duo
737 3165 822 3213 parva,
856 3143 916 3200 218,
929 3145 1140 3201 Un.condita.—
1149 3145 1223 3196 Tres

153 3257 245 3296 turma.
257 3275 290 3283 —-
297 3244 339 3296 Hs
348 3260 422 3302 mov.
430 3246 516 3299 latent.
544 3257 602 3298 auo.
616 3240 675 3292 Pro
685 3241 748 3291 victu
756 3255 806 3295 un.
816 3249 891 3304 mota,
901 3237 977 3291 alius
987 3251 1077 3304 ruente,
1093 3237 1151 3290 duo
1163 3257 1225 3302 vere,

154 3357 205 3395 un.
214 3342 272 3395 sole.
287 3369 321 3378 -—
335 3339 425 3392 Multi
443 3349 547 3406 tepente,
562 3333 642 3408 quod
653 3333 756 3404 recepi
764 3351 773 3398 3
793 3331 887 3384 ceteri
900 3330 986 3388 codd.
999 3343 1028 3385 ct
1042 3331 1108 3383 edd.
1121 3323 1225 3398 repente,

156 3432 233 3500 quod
241 3432 283 3484 Hs
294 3442 323 3485 et
335 3431 437 3488 Burin.
447 3428 588 3484 servavit.
611 3426 658 3484 ef,
668 3425 725 3490 111,
745 3425 805 3482 236.
824 3425 912 3494 Virg.
924 3424 960 3482 G,
971 3424 1014 3490 11,
1027 3408 1084 3481 133.
1097 3455 1132 3464 -
1148 3423 1223 3474 Tres

154 3525 231 3580 cadit,
266 3541 325 3582 ara,
345 3525 419 3575 Tres
428 3526 533 3589 claudit,
543 3531 606 3574 tres
607 3521 689 3589 fivia,
697 3537 748 3576 un.
755 3521 848 3594 findit,
861 3517 937 3568 alius
935 3518 1047 3584 ficndir,
1066 3517 1223 3582 aliusjluit.

154 3620 214 3684 aad.
231 3617 321 3672 Multi
331 3620 459 3689 Quodque.
472 3649 506 3658 -
518 3616 731 3682 Octospernunt,
744 3613 825 3683 quod
836 3611 878 3664 Hs
893 3627 969 3676 rec,
990 3611 1084 3664 ceteri
1103 3619 1223 3671 sternunt,

153 3729 205 3767 un.
216 3717 331 3774 caedunt,
341 3713 507 3780 umferiunl.
545 3710 606 3767 225.
623 3707 713 3760 Multi
728 3708 836 3762 creditis.
872 3704 932 3761 230.
951 3703 1108 3756 Trodeelm
1123 3703 1223 3766 liabent,

156 3807 249 3856 ceteri
264 3785 353 3862 caelest,¹
388 3806 448 3862 231.
465 3802 528 3854 Alii
547 3803 708 3866 latrantibus,
727 3799 779 3852 alii
794 3801 937 3863 latratibus,
955 3815 990 3851 ex
1007 3797 1109 3867 quinq.
1124 3805 1222 3853 nostr.e

153 3896 197 3949 Hs
213 3913 284 3964 reos,
297 3899 378 3970 quod
390 3894 648 3969 approbatsseutl.
658 3892 870 3963 HoratEpod.
883 3893 911 3957 ὅ,
928 3891 971 3948 28,
1007 3890 1066 3946 232.
1084 3890 1143 3945 Un.
1158 3891 1222 3941 Ful·

152 3991 260 4047 mineus.
293 3993 352 4050 236.
370 3993 427 4049 Un.
436 3992 546 4060 pertulit,
559 3990 635 4042 alius
645 3991 760 4055 protulit,
776 3986 881 4057 quinq.
893 3984 1011 4039 abstulit.
1033 3983 1126 4035 ceteri
1139 3986 1219 4050 perdi·

152 4087 198 4136 dit.
219 4083 261 4136 Hs
276 4099 347 4143 inae.
358 4088 477 4156 prodidit.
508 4067 572 4154 ⁶239.
586 4083 662 4138 Octo
673 4083 787 4151 capitis.
796 4109 829 4120 -
840 4081 978 4158 Quinque
991 4078 1074 4132 arrru's,

1009 4179 1029 4236 ll
