2876 4826
219 270 296 329 x1v

221 475 358 550 bantur,
386 474 474 534 nullo
496 492 552 534 suo
573 473 707 550 labore,
741 472 827 534 nulla
849 493 968 556 opera,
1006 475 1095 546 nullo
1118 474 1224 536 studio
1248 475 1280 536 in

221 607 310 669 cdito
333 625 390 664 suo
414 604 589 687 exemplari
612 603 773 666 illustrata
796 603 970 667 invenerit.
1014 605 1060 664 lta
1081 624 1161 667 vcro
1182 606 1279 666 etiam

219 735 372 818 magistro
395 734 478 796 borao
500 746 596 816 atque
619 734 748 794 erudito
771 733 916 816 gandium
937 733 1095 812 quoddam
1115 735 1279 796 minuetur

219 879 253 928 ct
275 866 454 940 adimetur,
485 866 513 924 si
535 886 629 946 quam
650 865 842 935 solutionem
864 876 897 924 et
920 864 1172 928 illustrationem
1192 867 1279 928 loco·

217 1017 288 1061 runa
317 995 500 1056 dillicilium
528 1007 561 1056 ot
591 996 802 1064 obscurorum
824 994 994 1077 discipulis
1022 997 1111 1056 nullo
1134 995 1278 1084 ipsorum

217 1124 330 1188 laboro
354 1125 414 1186 iam
437 1137 544 1186 notam
566 1137 747 1204 cognoscet.
788 1124 959 1210 Eripiotur
982 1125 1066 1188 enim
1088 1126 1118 1186 ci
1141 1125 1277 1188 iucunda

217 1256 372 1340 quaedam
396 1255 520 1320 occasio
542 1256 709 1318 Socratica
730 1256 858 1319 rationo
880 1255 1054 1338 discipulos
1076 1256 1116 1316 ad
1137 1274 1211 1350 enm
1231 1257 1276 1316 lo·

213 1409 289 1448 vcum
312 1386 470 1462 ducendi,
502 1407 566 1471 quo
588 1387 678 1446 ducti
700 1387 949 1468 explicationem
970 1399 1004 1448 et
1025 1359 1282 1450 illustrationem.

216 1519 280 1600 ipsi
301 1517 449 1582 inuenire
471 1517 609 1600 possint.
651 1517 712 1578 His
735 1517 775 1578 de
797 1516 899 1582 causis
918 1515 1000 1578 hanc
1021 1517 1185 1596 vulgarem
1206 1515 1275 1576 edi-

215 1647 320 1710 tiones
341 1649 374 1710 in
396 1665 485 1710 usum
507 1648 690 1710 scholaram
706 1646 882 1708 adornandi
904 1647 1062 1738 rationem
1078 1645 1205 1708 noxiam
1227 1657 1274 1706 at·

215 1797 279 1864 quc
298 1777 516 1860 perniciosam
536 1779 630 1838 duco.
664 1746 832 1852 Proleeto,
855 1777 882 1836 si
904 1779 964 1840 hae
985 1775 1147 1840 editiones
1168 1769 1295 1837 omnia*

215 1911 305 1992 ipsae
327 1909 515 1992 explanant,
537 1926 619 1990 quac
641 1905 813 1988 explanare
835 1905 1063 1988 magistrorum
1084 1918 1154 1982 est,
1182 1905 1272 1966 seho-

214 2041 255 2100 lis
281 2043 376 2124 plano
406 2058 518 2100 carcre
548 2050 685 2120 possunt
707 2036 860 2119 discipuli
889 2055 926 2098 ac
947 2036 1020 2096 lieri
1042 2038 1271 2100 udeodlduaeloa.

212 2169 347 2236 Nonnisi
381 2170 414 2230 in
442 2167 555 2238 schola
584 2187 669 2250 puer
704 2166 869 2230 docendus
901 2178 976 2240 cst,
1019 2164 1176 2248 quidquid
1207 2165 1270 2246 ipsi

201 2301 387 2376 -qbscnrum
414 2320 451 2362 ac
479 2297 616 2360 dillicile
637 2297 818 2358 *intellectu
839 2295 960 2362 ,fuerit¹
1020 2298 1108 2357 Unus
1135 2282 1276 2371 tantum,

212 2431 299 2516 quod
319 2431 435 2510 sciam,
459 2451 503 2494 cx
529 2429 676 2532 omnibus
703 2425 957 2508 interpretibus,
989 2401 1044 2508 qui
1071 2426 1105 2486 in
1126 2424 1268 2487 editione

212 2563 407 2646 scriptorum
435 2542 581 2624 ueterum
609 2562 642 2619 in
670 2519 902 2640 discipolorum
928 2576 1020 2618 usum
1046 2555 1267 2631 elaborarunt,

212 2693 251 2752 ad
270 2692 352 2756 illud
373 2654 554 2772 exemplar,
588 2688 676 2772 quod
696 2708 839 2771 quaero,
870 2685 1016 2770 proximo
1044 2687 1200 2750 accedere
1222 2687 1269 2749 vi·

210 2825 320 2887 detur.
370 2824 400 2882 ls
419 2833 473 2882 est
492 2826 567 2901 Aug.
588 2822 741 2893 Matthiae,
769 2820 820 2882 vir
847 2817 1019 2900 utriusque
1046 2817 1170 2899 antiqui
1200 2836 1269 2877 ser·

145 3035 148 3042 ῃ
208 2953 310 3028 monis
331 2950 579 3029 scientissimus,
601 2949 657 3034 qui
678 2950 751 3012 fere
773 2949 854 3010 nihil
875 2948 1041 3030 explanet,
1064 2946 1143 3008 alios
1162 2956 1269 3006 autem

208 3096 358 3158 veterum
378 3083 466 3147 locos
488 3082 558 3150 sive
580 3099 717 3163 graccos
739 3080 808 3144 siae
829 3079 947 3176 latinos
970 3075 1073 3152 addit,
1093 3077 1211 3160 quihus
1234 3091 1267 3138 et

210 3213 368 3296 sermonis
399 3225 433 3275 et
462 3211 512 3274 rei
541 3209 676 3272 alieuius
702 3181 882 3272 historicae
914 3206 1139 3284 difficultatem
1165 3180 1268 3273 tollat,

199 3342 374 3426 -Eiuqrnodi
396 3355 483 3419 sunt,
505 3359 587 3428 quae
609 3339 672 3420 ille
688 3338 728 3400 ad
749 3337 916 3403 Ciceronis
937 3337 1114 3400 Orationes
1136 3351 1170 3400 ct
1190 3339 1269 3420 Epi·

212 3477 311 3547 stolas
338 3474 377 3536 ab
403 3474 473 3556 ipso
500 3438 603 3534 editas
623 3471 657 3530 in
676 3469 822 3564 praeginc
843 3467 930 3530 inl'ra
950 3468 1071 3551 posuit.
1122 3468 1268 3532 Nondum

186 3580 314 3686 'tamen
339 3604 418 3666 milri
442 3603 494 3668 vir
521 3603 579 3668 illc
608 3600 807 3664 doctissimus
834 3599 1098 3682 periculiosimarn
1125 3565 1267 3680 speciem

202 3738 336 3819 ,omnino
356 3734 487 3800 videtur
509 3753 582 3796 esse
604 3743 775 3818 assecutus.
793 3767 834 3784 -ι-
868 3728 956 3824 Quid
977 3748 1058 3811 ergo
1080 3741 1116 3790 tu
1138 3723 1264 3802 censes,

198 3878 345 3950 ,quaeret
371 3865 505 3948 aliquis,
537 3884 599 3946 qua
626 3835 754 3929 ratione
774 3839 857 3924 tales
880 3860 1041 3924 editiones
1064 3858 1266 3920 adornandae

206 3997 296 4060 sint?
