2876 4826
1088 350 1206 406 xxm

774 525 776 530 ,
1074 494 1085 522 s

140 557 249 613 nitunt
289 553 353 614 Hic
373 537 492 615 multae
515 537 675 637 eusistunt
697 553 918 634 difficultates,
942 575 1020 640 quas
1043 555 1205 636 ignoratio
1243 595 1247 608 ·

143 685 236 745 nobis
259 679 359 745 affert
380 679 509 745 Italicus
530 672 657 768 priscas
675 685 859 767 religionis,
881 683 1012 748 rituum·
1024 687 1204 764 sacrorum,

143 815 305 896 erigimim
320 817 517 899 templorum
534 791 758 896 lectorumque
779 815 925 895 dierum,
948 838 1061 879 corum
1078 813 1118 878 sd
1137 811 1207 879 dies

144 938 252 1008 cerlos
273 943 501 1026 ordinationis,
521 930 614 1010 ortus
635 965 830 1030 occasusque
853 938 1009 1026 sideriim,
1033 949 1123 1010 cuius
1144 940 1208 1010 sci-

144 1075 251 1142 entiae
273 1091 387 1140 nostor
407 1089 506 1161 poete
527 1077 595 1160 ipse
616 1063 680 1139 riou
709 1077 786 1138 satis
806 1098 921 1158 gnarus
943 1079 1073 1143 videtur
1094 1067 1207 1145 luisse.
1280 1168 1282 1174 y

143 1217 180 1273 ln
200 1213 253 1272 liis
274 1209 374 1272 rebus
397 1209 600 1270 illustrandis
627 1190 692 1272 etsi
707 1187 844 1271 multum
866 1201 1024 1272 sudarunt
1045 1201 1209 1294 interpre-

142 1337 214 1420 t'e's,
245 1325 279 1405 ei
300 1341 512 1404 astronomica
533 1341 557 1401 1.
578 1321 635 1436 Fr,
655 1317 790 1400 Pl'alh'us
809 1343 860 1431 ¹⁷)
883 1338 1051 1404 illustrare
1071 1345 1208 1421 studuit,

141 1473 251 1536 lamen
271 1495 336 1534 non
356 1455 490 1534 dulium
512 1480 580 1548 cst,
614 1471 690 1552 quin
712 1465 812 1532 mults
835 1471 939 1533 adhuc
960 1486 1104 1550 restent,
1127 1495 1208 1556 quae

143 1585 281 1666 cillenii
301 1603 458 1664 nec-sutis
478 1601 642 1662 illustrata
663 1601 737 1662 sint.
1054 1579 1061 1605 ¹

227 1723 424 1816 'temporum
445 1732 644 1793 notationem
666 1729 777 1792 rerum
795 1719 1020 1812 Romanarum,
1043 1755 1125 1816 quse
1145 1758 1211 1796 ms·

148 1847 265 1950 gistris
294 1878 327 1926 et
352 1864 532 1924 lectoribus
553 1863 684 1945 negotia
706 1863 819 1924 faeere
840 1853 982 1946 froterii,
1013 1865 1134 1948 ubique
1156 1889 1211 1948 ap-

147 1997 244 2080 posui
265 2001 299 2056 ct
320 1973 360 2054 ad
381 1995 586 2055 utilissimum
608 2007 642 2054 et
663 1993 697 2053 in
717 1995 775 2055 hac
797 2014 834 2053 re
856 1969 1021 2076 optimum
1031 1973 1152 2074 Zumptii
1171 1997 1210 2056 li·

148 2124 263 2205 brum,
285 2131 402 2185 Annales
424 2138 539 2186 veterum
559 2129 701 2206 regnorum
722 2135 749 2184 st
768 2116 931 2204 {sepulcrum
951 2107 1035 2203 leci,
1058 2121 1119 2188 nec
1141 2128 1209 2189 cui·

148 2261 245 2342 qu'ur'n
274 2238 422 2321 diversus
452 2257 486 2316 in
511 2257 650 2320 historia
674 2233 818 2316 Romana
845 2253 1078 2338 chronologiae
1107 2237 1210 2362 gnaro

146 2391 267 2451 mirum
288 2389 371 2464 erit,
393 2387 479 2469 quod
500 2355 634 2448 ahma
655 2405 750 2478 saepe
771 2379 908 2450 nuiners
930 2386 1151 2454 dissenserim.

231 2483 382 2600 Benigne
408 2516 636 2580 Ilalendarium
655 2518 705 2598 ¹⁸)
728 2517 921 2581 ovidianum
950 2516 1055 2579 (leuno
1083 2519 1121 2580 'ac
1147 2539 1210 2580 uon

148 2653 222 2712 sins
244 2647 395 2731 diligenti
417 2668 496 2709 cura
516 2649 660 2713 restitum
682 2649 798 2714 adieci·

231 2785 322 2842 Haec
345 2792 435 2856 sunt,
458 2779 641 2860 quaemihi
664 2779 704 2840 de
726 2781 822 2842 huius
844 2781 998 2842 editionis
1018 2782 1153 2843 consilio
1176 2805 1213 2842 ac

220 3086 260 3147 η)
278 3081 334 3132 Hic
353 3079 512 3132 Professor
530 3077 804 3132 mathematicorum
821 3079 966 3148 quondum
985 3081 1123 3137 Halcnsis
1140 3088 1213 3138 seris

148 3175 212 3245 psit
226 3175 454 3226 commentationem
466 3177 495 3224 dc
507 3174 598 3222 ortibus
612 3182 635 3221 st
647 3171 774 3221 occasibus
785 3173 891 3222 siderum
905 3177 974 3240 apud
983 3188 1092 3227 erectores
1103 3181 1216 3230 classicos

150 3270 353 3319 commemoratis.
373 3265 508 3334 Gotting.
521 3263 594 3332 1786.
603 3268 628 3330 4.
642 3264 671 3314 in
682 3279 739 3334 qua
748 3262 782 3314 de
792 3264 890 3316 Ovidii
899 3283 1017 3337 quoque
1030 3268 1105 3322 locis
1119 3281 1213 3324 astro-

150 3359 278 3412 nomicis
293 3367 430 3410 accurate
447 3357 518 3427 egit.

220 3447 261 3518 ¹⁸)
280 3451 313 3502 lu
326 3449 460 3502 omuibus
474 3449 537 3500 scre
551 3449 733 3501 editionibus
745 3449 956 3501 lielendurium
967 3452 1086 3517 additur
1099 3456 1135 3505 ad
1147 3455 1214 3506 Ori-

151 3545 194 3596 slii
205 3546 311 3596 Festos
323 3543 502 3596 ordinatum.
539 3541 679 3611 Neapolis
691 3559 797 3594 novum
812 3544 967 3611 promisit,
988 3564 1141 3618 numquam
1154 3548 1214 3599 edi·

150 3637 215 3688 dit:
235 3635 375 3688 Heinsius
394 3645 423 3688 et
434 3635 620 3688 Burmannus
631 3643 715 3686 vetus
729 3636 937 3701 retinuerunt,
956 3641 1101 3706 quamvis,
1121 3651 1154 3692 ut
1173 3644 1215 3695 uit

149 3728 310 3791 Heinsius,
328 3727 499 3779 mendosum
515 3727 661 3796 foedeque
675 3725 864 3796 depravatum
876 3727 976 3780 multis
988 3732 1123 3800 partibus
1138 3743 1166 3784 et
1179 3735 1215 3789 nb

152 3819 272 3871 homine
285 3817 371 3870 huius
386 3820 551 3888 argumenti
565 3836 624 3871 non
639 3819 712 3872 satis
726 3821 825 3888 perito
838 3820 1020 3886 confecturum
1041 3823 1215 3880 'l'nubncrus

153 3912 184 3963 in
202 3927 238 3962 eo
256 3911 424 3964 ordinando
441 3911 601 3980 plurimum
614 3913 782 3977 laboravit,
811 3903 893 3964 cuius
913 3913 1122 3968 Ralendnrium
1142 3919 1215 3974 illas.

150 4003 234 4056 thiae
250 4005 353 4073 paucis
369 4005 489 4056 mutetis
506 4006 620 4074 recepit
630 4025 638 4072 3
659 4006 753 4061 ceteri
770 4021 869 4060 omnes
886 4005 1003 4060 Heinsii
1015 4007 1214 4065 illudflclen·

146 4095 267 4150 darium
279 4095 357 4150 hone
369 4097 425 4150 lide
439 4097 638 4168 repetierunt.
683 4115 684 4122 ¹
705 4101 707 4105 ’
