2906 4836
571 281 609 376 ,¹³-
634 286 772 353 ounn
792 287 969 372 ursonis

324 468 366 528 Ut
387 463 507 541 rediit,
529 465 674 529 verubus
696 467 868 530 stridentia
891 465 1032 545 detrahit
1053 455 1148 530 extit

363 575 470 654 Atque
493 571 555 649 ait,
577 575 667 633 Haec
690 585 779 634 certe
800 593 866 636 non
886 573 951 634 nisi
972 573 1079 640 victor
1101 574 1189 636 edet.

242 682 300 761 375
322 678 417 739 Dicta
439 677 534 752 l'acit,
555 677 715 759 Fabiique
738 678 844 742 simul.
886 679 987 745 Venit
1008 679 1125 740 irritus
1147 681 1229 742 illue

362 785 540 859 Romulus,
564 797 597 844 et
618 804 741 846 mensas
758 805 900 867 ‘ossaque
922 785 1007 846 nuda
1027 777 1133 852 videti

235 874 237 878 ¹
323 891 430 969 Risit,
454 902 488 950 et
509 888 650 952 indoluit
671 891 790 953 Fabios
812 891 963 974 potuisse
983 894 1187 976 Remumque

362 997 527 1065 Vincere:
551 996 747 1090 Quinctilius
767 1019 832 1060 non
852 1000 1002 1080 potuisse
1022 1019 1106 1064 suos.

324 1107 423 1168 Fama
443 1116 552 1170 manet
573 1103 665 1167 laeti.
705 1105 820 1166 Posito
843 1104 1002 1171 velamine
1025 1118 1176 1166 currunt:

243 1217 302 1280 380
362 1216 406 1274 Et
434 1187 611 1272 memorem
640 1209 773 1287 temam,
810 1211 898 1292 quod
927 1211 1012 1272 bene
1044 1212 1160 1289 cessit,
1195 1209 1306 1273 habet.

322 1319 472 1380 Forsitan
494 1330 528 1379 et
550 1336 704 1400 quaeras,
728 1338 786 1378 cur
808 1317 852 1377 sit
873 1318 964 1378 locus
984 1317 1043 1384 ille
1064 1324 1203 1398 Lupercal,

363 1415 497 1518 Quaere
521 1424 606 1484 diem
627 1423 686 1484 tali
708 1423 837 1486 nomine
859 1443 955 1484 causa
977 1438 1081 1488 notet.

323 1534 381 1592 llia
402 1531 546 1598 Vestalis
568 1530 724 1591 eoelestia
747 1530 868 1590 semina
888 1543 987 1611 partu

363 1638 539 1713 Ediderat,
562 1649 680 1719 patruo
700 1655 803 1718 regne
822 1649 956 1698 tenente
978 1657 1045 1704 suo.

243 1747 302 1814 385
324 1750 353 1807 ls
374 1746 467 1808 iubet
488 1743 615 1806 aul'erri
637 1763 759 1826 pueros
781 1756 815 1804 et
837 1745 872 1804 in
893 1765 983 1806 amne
1005 1747 1125 1808 necari.

364 1851 454 1941 Quid
474 1849 574 1912 licis?
597 1870 637 1912 ex
658 1850 731 1911 istis
750 1851 907 1912 Romulus
929 1854 1013 1912 alter
1035 1855 1110 1917 erit.

323 1961 411 2020 Iussa
432 1969 623 2020 recusantes
645 1969 808 2038 peragunt
829 1957 998 2020 lacrimosa
1018 1959 1179 2039 ministri;

363 2066 462 2128 Flent
483 2078 609 2138 tamen,
631 2074 665 2122 et
686 2061 832 2142 geminos
855 2063 982 2128 inloea
1003 2065 1088 2126 iussa
1110 2067 1234 2128 ferunt.

324 2171 461 2246 Albula,
485 2191 580 2253 quem
602 2169 719 2236 Tibrin
740 2188 863 2230 mersus
884 2169 1062 2234 Tiberinus
1084 2175 1118 2235 in
1140 2175 1224 2234 unda

244 2277 304 2362 390
365 2276 540 2354 Reddidit,
562 2277 709 2338 hibernis
731 2277 820 2338 forte
842 2279 987 2340 tumebat
1010 2279 1110 2361 aquis.
1132 2309 1155 2338 .-

323 2385 405 2460 Hic,
435 2383 492 2446 ubi
521 2405 606 2445 nunc
632 2386 720 2446 Fora
748 2396 841 2459 sunt,
868 2384 987 2445 lintres
1017 2404 1132 2446 errare
1161 2387 1304 2469 videres,

365 2491 502 2583 Quaque
525 2491 631 2552 iacent
652 2492 772 2566 valles,
793 2491 928 2550 Maxime
951 2491 1066 2568 Circe,
1089 2505 1175 2562 tuae,-

323 2599 396 2655 Ruc
419 2597 476 2655 ubi
493 2610 672 2672 venerunt,
689 2633 727 2643 -—
741 2617 847 2679 neque
867 2598 952 2658 enim
970 2597 1154 2678 procedere
1172 2614 1307 2682 possunt

364 2704 566 2784 Longius-
588 2725 626 2766 ex
648 2703 715 2763 illis
737 2723 819 2765 unus
842 2715 875 2764 et
896 2704 1000 2781 alter,
1023 2704 1084 2772 ait:

310 2893 369 2960 373.
396 2893 457 2944 Alli
468 2896 610 2960 prudentie,
632 2896 768 2962 spirantia,
787 2896 941 2962 spumantia,
955 2894 1101 2960 fitntuntia,
1119 2927 1154 2936 -
1172 2899 1306 2974 Quattuor

243 2988 339 3039 detulit.
356 2987 397 3037 lls
415 2986 493 3042 cuni.
507 2990 609 3052 depulit.
652 2987 712 3055 378.
730 2987 792 3041 stit
810 2987 952 3055 Quintilios.
989 2987 1048 3056 379.
1069 2987 1127 3044 Un.
1141 2992 1220 3040 Fama
1234 2994 1307 3046 uolat.

243 3079 303 3134 380.
323 3079 412 3130 Multi
427 3080 515 3134 etiam
526 3080 645 3132 melior,
653 3083 719 3143 qnod
725 3081 781 3130 bene
789 3081 873 3147 gessit,
890 3077 941 3128 alli
953 3081 996 3145 qui
1005 3081 1063 3130 bene
1073 3083 1160 3150 gessit,
1175 3101 1226 3141 un,
1235 3103 1309 3150 quum

244 3150 300 3219 tion
312 3173 397 3237 gessit,
410 3170 466 3221 duo
479 3175 609 3237 quodbene
619 3172 703 3232 cessit,
718 3169 807 3240 idque
820 3171 861 3223 Hs
871 3187 946 3238 rec,;
963 3173 1070 3228 scribit
1082 3183 1177 3228 tamen
1186 3182 1241 3242 quts
1253 3181 1310 3228 bene

243 3263 316 3311 cessit
313 3262 514 3328 ,hahent,vel,
533 3265 634 3320 srffbcne
651 3263 794 3314 F01tusse
808 3262 926 3335 legend
938 3267 1033 3332 quotu.
1046 3283 1071 3325 e.
1085 3271 1136 3325 cui,
1171 3269 1231 3327 382.
1245 3269 1308 3320 Alii

243 3355 383 3410 locru'n—
399 3355 510 3410 Decem
527 3366 603 3412 tanto.
628 3355 760 3409 Hsmav.
777 3368 839 3420 noto
877 3342 937 3414 383.
955 3359 1069 3430 Pleriq.
1087 3364 1178 3427 Silvia,
1195 3371 1309 3433 septem

243 3448 283 3500 Ι
273 3467 311 3511 tu,
327 3445 408 3516 quod
418 3445 460 3498 Hs
472 3464 535 3506 ree
550 3449 662 3502 Duo
676 3451 779 3506 eoeest
797 3482 831 3492 -
850 3452 938 3528 Quat.
952 3454 1114 3510 numina.-
1131 3455 1187 3509 Ull·
1198 3467 1310 3522 partum,

244 3521 453 3598 ilistoriamv.
476 3558 524 3612 ap,
541 3541 649 3606 Livl,
672 3545 698 3608 4
746 3543 807 3602 385.
831 3545 905 3598 Tres
919 3543 1013 3612 qffern
1036 3575 1071 3586 -
1094 3547 1237 3617 Plerique
1248 3567 1309 3615 par

242 3625 295 3688 aios,
329 3625 390 3687 386.
410 3633 472 3685 Alii
491 3639 587 3688 emittis
589 3637 691 3704 ..387
712 3635 810 3696 Burm,
823 3655 897 3696 mar,
910 3641 1055 3692 reluctantes
1070 3639 1119 3694 vel
1137 3652 1310 3712 repugnantes,

243 3724 303 3792 388.
323 3726 410 3803 Quid
425 3729 611 3783 exmeliorl
610 3732 729 3786 consoles.
746 3730 979 3812 Hsproetmav.
990 3744 1029 3792 ut,
1062 3733 1122 3803 391.
1136 3735 1194 3790 Un.
1205 3735 1309 3803 agitare

244 3847 272 3856 -—
285 3818 398 3871 Duo
361 3841 387 3871 so
388 3823 478 3878 ebant
506 3821 566 3890 393.
583 3822 640 3892 Ι]ῃ
647 3825 691 3874 ubi
699 3843 762 3876 nunc
772 3836 869 3876 uentrem
884 3837 932 3892 est,
947 3843 981 3878 ex
989 3843 1048 3896 quo
1057 3827 1099 3882 Hs
1110 3845 1188 3886 cont
1199 3829 1313 3878 Herculi

242 3924 380 3976 perventum
391 3926 434 3972 est
445 3945 477 3953 -
489 3913 597 3966 Omnes
611 3931 682 3968 vere
697 3936 772 3984 neque
786 3919 859 3982 enim,
873 3935 959 3994 quam
973 3921 1053 3992 vulg.
1062 3921 1132 3972 leet.
1144 3921 1310 3973 restituere

244 4017 305 4053 non
318 4002 467 4074 dubitavi3
482 4006 540 4058 duo
549 4017 662 4060 tantum
674 4029 716 4060 nec
727 4012 786 4076 iam,
795 4013 875 4081 quud
884 4013 925 4064 lls
936 4013 1070 4070 etBurm.
1082 4029 1143 4069 rec.
1174 4015 1234 4083 394.
1243 4013 1309 4064 Duo

244 4113 276 4144 nn
291 4096 361 4158 alter,
380 4098 460 4168 quod
472 4099 513 4150 Hs
530 4115 610 4167 rec,
632 4115 686 4170 ego
701 4113 830 4160 eeteros.
844 4105 914 4160 lect.
926 4115 1021 4162 veter.
1034 4105 1160 4168 serrari.
