2914 4836
231 255 290 320 181
567 256 602 314 Ρ-
625 254 761 319 OVlDll
784 253 964 318 NASONIS

242 471 249 488 ·
314 436 462 518 Hospitis
486 434 610 517 antiqui
634 436 746 496 solitas
770 436 962 498 intravimus
987 435 1099 496 aedes:

354 547 549 626 Dcmpserat
571 542 719 602 emeritis
742 541 803 600 iam
826 542 902 622 iuga
923 542 1074 603 Phoebus
1099 543 1205 625 equis.

314 655 343 712 ls
363 651 443 710 mihi
465 650 566 710 multa
588 649 732 730 quidem,
758 649 816 708 sed
838 662 872 709 et
894 650 985 724 haec,
1005 669 1143 710 narrare
1166 649 1306 728 solebat,

233 762 292 844 bqo
355 758 447 819 Unde
469 777 574 818 mcum
597 775 756 837 praesens
779 755 1001 814 instrueretur
1025 775 1128 838 opus:
1193 752 1195 756 ’

312 869 399 942 Hoc,
423 865 485 938 ait,
508 864 542 932 in
557 883 668 943 campo
681 897 716 906 —
732 881 941 942 campumque
960 862 1154 922 ostendit-
1166 863 1309 924 habebat

353 975 421 1032 Rus
444 971 546 1033 breve
570 989 642 1030 cum
664 971 747 1030 duro
770 991 867 1050 parca
890 971 1004 1030 colona
1025 967 1108 1032 rico.

314 1079 373 1138 lllc
397 1099 486 1138 arram
509 1077 689 1159 peragebat
711 1077 860 1146 humum,
883 1076 951 1138 sire
973 1094 1048 1136 usus
1073 1075 1186 1151 aratri,

355 1187 421 1246 Seu
444 1204 564 1247 curvae
586 1183 700 1255 famis,
724 1183 791 1246 site
814 1181 958 1242 bidentis
979 1193 1061 1241 erat.

234 1298 292 1376 bqb
313 1296 404 1353 Haec
426 1291 523 1353 modo
545 1290 702 1353 verrebat
724 1303 864 1349 stantem
886 1286 1025 1348 tibicine
1048 1286 1175 1348 villam:

353 1405 445 1462 Nunc
468 1399 581 1460 matris
603 1397 723 1480 plumis
746 1417 805 1460 ova
829 1394 969 1458 fovenda
993 1392 1111 1468 dubat3

313 1511 378 1568 alut
399 1507 524 1569 virides
547 1505 685 1578 malvas,
710 1517 764 1563 aut
787 1502 902 1580 fungos
924 1499 1048 1578 colligit
1071 1498 1172 1574 albos,

351 1617 417 1674 Aut
437 1612 710 1694 humilemgrato
733 1611 866 1672 calfacit
888 1610 961 1688 igne
984 1607 1104 1668 locutas.

311 1723 354 1782 Et
375 1733 483 1780 tamon
506 1717 646 1779 assiduis
666 1731 800 1780 exercet
821 1716 957 1778 brachia
979 1713 1069 1790 telis,

230 1850 290 1912 700
353 1829 587 1909 Adversosque
609 1827 712 1900 minas
734 1825 874 1908 frigoris
897 1844 985 1884 arma
1007 1834 1112 1903 parat.

311 1939 337 1996 F
341 1935 416 1995 ilius
437 1934 532 1994 huius
555 1944 627 1992 erat
648 1932 755 2012 primo
777 1932 919 1994 lascivus
940 1931 974 1990 in
996 1947 1092 2000 cern,

352 2039 599 2122 Addideratque
622 2059 720 2100 annos
741 2038 781 2099 ad
804 2038 867 2099 duo
889 2041 992 2099 lustra
1016 2035 1107 2099 daos.

311 2149 340 2206 Is
362 2146 450 2230 capit
473 2144 611 2205 extremi
633 2146 765 2228 vulpem
787 2145 936 2209 convalle
960 2143 1090 2204 salicti:

353 2253 547 2316 Abstulerat
568 2253 685 2314 multas
708 2253 765 2316 illa
788 2251 934 2316 cohortis
958 2271 1046 2317 aves.

299 2517 359 2583 ⁶87.
379 2515 453 2566 Tres
467 2531 500 2565 cx
512 2508 1152 2583 opt.etnoremal-fidas,quodaliisplacet.
1189 2511 1249 2578 bqo.
1266 2509 1309 2561 Hs

230 2626 305 2664 mar.
320 2610 393 2664 milri.
428 2608 491 2677 6⁹3.
510 2607 627 2677 Gierig.
638 2623 700 2658 non
713 2605 792 2674 plac.
803 2606 944 2674 peragebat,
960 2602 1037 2656 nlius
1051 2603 1097 2654 vir
1109 2603 1215 2654 doctus
1228 2604 1309 2654 coni.

229 2701 432 2772 simigelatsstsi
443 2701 551 2754 mutari
563 2691 723 2770 quidquam
733 2713 795 2748 non
808 2697 848 2748 sit
862 2711 995 2752 neccsse.
1032 2694 1094 2762 604.
1113 2696 1188 2747 Tros
1202 2711 1235 2746 cx
1247 2705 1311 2765 opt.

231 2805 261 2848 ct
275 2795 334 2847 duo
347 2803 408 2865 opt.
426 2809 441 2845 a
455 2792 638 2862 manuprim.
648 2805 678 2845 et
689 2807 739 2843 sex
755 2789 793 2847 al.
805 2809 888 2856 carae,
900 2789 982 2859 quod
992 2787 1035 2840 Hs
1046 2805 1120 2854 rec„
1138 2799 1197 2846 cet.
1207 2805 1308 2840 oinncs

229 2909 332 2955 curvae,
353 2888 435 2958 quod
450 2885 584 2950 secrevi,
610 2903 661 2938 un.
680 2903 715 2938 ex
730 2895 795 2954 opt.
810 2888 860 2936 sive
879 2887 982 2940 cio-uae.
1036 2883 1097 2951 695.
1116 2881 1229 2952 Optim.
1242 2882 1309 2934 scre

230 2983 329 3052 quisq.
352 2993 382 3034 ct
401 2980 468 3036 eald.
489 2977 660 3050 quaed-id,
692 2979 773 3050 quod
787 2979 829 3030 Hs
846 2993 925 3044 reo.3
951 2986 1034 3047 quat.
1050 2979 1129 3028 stanti
1151 2979 1197 3032 tib.
1216 2979 1311 3040 villam,
1330 2972 1334 2982 “

230 3076 313 3144 quid.
321 3066 414 3141 pectine
428 3075 510 3138 erlmn,
523 3072 576 3124 alii
591 3075 636 3129 tit.
650 3073 735 3137 telam,
748 3089 839 3126 noun.
856 3091 912 3122 rura
927 3073 972 3126 tit.
980 3084 1090 3138 pratum,
1106 3074 1163 3126 uns
1173 3069 1252 3122 stanti
1260 3073 1308 3124 tit.

227 3178 338 3233 partum,
354 3165 431 3216 alius
445 3181 500 3234 peu
515 3163 575 3220 div.
590 3163 661 3222 lect.
675 3167 754 3215 stanti
766 3167 810 3215 tib.
824 3167 919 3229 cellam,
933 3163 1015 3234 quitl.
1027 3185 1082 3216 raro
1095 3183 1150 3216 cum
1158 3166 1254 3232 pectine
1263 3176 1310 3214 ter·

226 3276 295 3324 ¹rutra,
311 3241 391 3326 quod
401 3256 457 3313 lul.
468 3257 552 3313 Caco.
562 3255 700 3326 Scaliger
712 3259 860 3326 praefert.
880 3256 955 3308 Edu.
967 3259 1072 3329 quaed.
1083 3278 1139 3309 cum
1153 3277 1208 3308 raro
1217 3259 1312 3325 pectine

229 3364 340 3419 pentum.
375 3353 434 3422 (197.
456 3351 561 3408 Horat.
577 3351 630 3421 Ep.
643 3350 685 3415 ll,
699 3351 742 3419 57.
763 3362 786 3400 ct
796 3353 871 3420 gravi
879 3354 979 3402 utalaae
986 3353 1096 3402 salubres
1108 3351 1211 3418 corpori.
1231 3347 1310 3411 lbid,

231 3447 275 3513 43.
294 3447 408 3498 rustice
425 3449 526 3497 Sacrum
541 3447 640 3496 uetustis
657 3445 761 3495 exara-rat
776 3445 948 3513 Ia'gaisjdcum
959 3447 1036 3496 Lassi
1049 3446 1095 3496 suh
1110 3448 1241 3494 adrentum
1253 3443 1310 3499 viri.
1343 3455 1349 3466 '

231 3540 292 3611 seqq.
311 3539 350 3592 Ut
363 3539 414 3592 illu
425 3556 472 3610 up.
484 3538 567 3607 Virg.
579 3538 615 3592 G.
627 3538 650 3600 l,
662 3537 722 3607 293,
740 3541 840 3589 Interea
852 3540 952 3606 longum
964 3549 1040 3588 carita
1048 3539 1127 3587 solata
1137 3537 1246 3588 lahorem
1254 3536 1311 3585 Ar·

231 3645 291 3703 gulo
305 3635 394 3685 coniux
407 3633 528 3700 percurrit
543 3631 638 3697 pcctt'uc
655 3633 725 3687 telas.
778 3649 838 3700 700.
858 3632 947 3708 Quat.
963 3647 997 3683 ex
1015 3632 1097 3702 vulg.
1111 3631 1314 3695 Adrersumqae,

232 3728 313 3796 quod
326 3736 474 3796 tamquam
494 3713 646 3800 ἀρχαϊκὸν
659 3726 700 3776 Hs
715 3743 792 3792 rcc.;
813 3742 867 3796 cgo
878 3735 972 3784 ceter.
990 3725 1062 3778 lect.
1076 3726 1203 3782 servari.
1224 3723 1317 3778 Ovicl.·

232 3821 271 3878 Μ,
289 3820 352 3885 XV,
366 3822 427 3888 471.
449 3821 611 3886 Horrffe‘rum
626 3829 709 3869 contra
724 3821 821 3870 Borean
835 3823 969 3874 ovisarma
986 3823 1121 3872 ministrat.
1175 3836 1235 3889 701.
1254 3817 1312 3874 ΕΠ.

233 3916 292 3963 liuic
315 3925 383 3966 uerat
398 3943 431 3953 —·
448 3913 506 3966 Un.
520 3913 611 3979 primis
628 3941 660 3950 -
676 3913 702 3960 in
716 3913 799 3968 canis,
841 3913 904 3980 703.
922 3914 989 3966 Duo
1003 3925 1068 3986 opt.
1081 3917 1127 3966 sub
1141 3915 1217 3979 calle,
1232 3911 1315 3982 quod

234 4007 276 4058 lls
290 4023 364 4073 rec,
376 4007 458 4079 quid.
468 4008 574 4070 mcl.,dc
584 4008 654 4071 valle,
669 4016 732 4058 trcs
746 4016 775 4058 ct
785 4005 851 4062 edd.
866 4010 890 4057 ia
904 4009 1019 4072 convalle,
1032 4017 1090 4064 cot.
1099 4009 1219 4070 convalle,
1232 4003 1311 4074 quod

235 4101 349 4158 reduxi.
386 4103 448 4166 704.
468 4100 568 4153 Varro
578 4101 611 4158 R.
620 4101 653 4157 R.
665 4100 713 4166 111,
724 4101 751 4165 3,
761 4102 787 4157 b.
806 4104 866 4152 Duo
881 4111 949 4152 eraut
962 4102 1116 4154 aviaricum
1128 4103 1246 4164 cohorte-q·
1262 4114 1312 4148 uua
