2876 4826
1166 340 1212 394 tx

141 543 282 614 strum
296 523 466 637 utrique
483 520 747 608 acerbissima
764 520 859 606 fuit
888 520 927 608 Is
943 520 1039 620 fuit,
1056 537 1106 604 ut
1122 519 1211 616 vul·
1291 617 1295 623 .

142 712 231 772 nus
256 685 342 770 iarn
364 680 656 769 recrudescens
680 678 899 780 revellam,
926 679 1006 762 Vir
1024 707 1213 766 summus

33 918 39 937 ,
141 844 224 931 Fu.
237 842 348 928 Ana.
362 839 737 941 Wonrmmcuius
757 867 921 926 summa
942 855 1044 925 sunt
1066 839 1116 924 in
1138 869 1211 926 nc

31 957 37 1036 l
141 1020 281 1090 sturm
301 1019 530 1116 utrumque
546 999 708 1086 merite.
747 995 1117 1114 Huncquondaru
1130 1027 1211 1090 mu·

144 1161 329 1277 gistmm
344 1160 475 1246 nobis
494 1159 813 1246 meritissimum
833 1133 1026 1244 cenerati
1048 1187 1210 1264 surnus3

146 1317 267 1406 hunc
288 1318 514 1405 nobiscum
542 1347 691 1405 omnes
714 1317 1038 1436 philologomm
1057 1319 1212 1432 princi·

29 1603 30 1606 Ν
145 1455 251 1594 pem
268 1475 465 1564 admirati
485 1493 598 1592 sunt.
628 1477 836 1564 Decuius
855 1479 1048 1593 ingenio,
1064 1474 1212 1562 doctri.

146 1667 222 1740 na,
246 1638 408 1725 meritis
420 1612 529 1753 quid
549 1667 630 1754 ego
652 1635 923 1758 praedicem?
958 1636 1121 1724 Omnes
1140 1669 1213 1729 nc.

29 1787 30 1794 Ν
147 1813 263 1882 runt
295 1799 335 1884 Is
350 1815 499 1911 postea
513 1796 641 1884 nobis
656 1796 794 1882 fuerat
813 1823 958 1882 amore
976 1813 1018 1882 et
1032 1797 1213 1884 benevo-

28 2015 30 2050 =
147 1955 282 2042 lentia
300 1957 688 2060 coniunctissimum
722 1957 760 2042 is
782 1955 921 2042 filium
944 1985 1090 2042 memn
1112 1954 1214 2042 due

27 2189 28 2192 a
146 2118 229 2203 bus
241 2118 440 2203 extremis
451 2119 564 2202 vitae
578 2118 702 2203 annis
714 2144 881 2204 summo
894 2129 942 2203 ac
953 2146 1054 2202 vere
1066 2089 1207 2231 patrio

27 2319 28 2370 3
144 2303 293 2360 amore
314 2275 564 2390 complexus
584 2294 683 2363 erat.
730 2276 864 2362 Hunc
885 2276 1011 2362 nobis
1025 2273 1214 2366 Massilia

145 2435 322 2549 eripuit.
358 2435 467 2520 Vae!
496 2425 621 2550 quale
638 2434 919 2552 praesidium
945 2433 1214 2551 qualedecus

26 2601 27 2674 Q
145 2592 383 2680 amisimus!
397 2595 546 2696 -Ita,
566 2596 651 2682 Vir
663 2598 848 2712 optime,
873 2595 982 2682 mihi
997 2597 1084 2709 iam
1096 2625 1215 2681 nunc
1250 2630 1253 2635 ·

145 2771 232 2842 tres
253 2770 420 2856 tantum
444 2783 499 2838 ex
524 2746 707 2866 pristino
733 2757 810 2843 illo
830 2775 1025 2872 tempore
1042 2755 1136 2842 vivi
1152 2786 1214 2842 su·

144 2931 337 3032 pereunt
393 2913 559 2998 Primus
587 2911 659 2998 Tu
677 2943 739 3016 es,
768 2916 889 3001 cuius
909 2912 964 3000 de
982 2916 1214 3004 Nassoviae

144 3072 301 3162 scholis
323 3073 474 3158 merita
494 3073 751 3198 immortalia
764 3091 890 3177 sunt,
915 3102 1046 3190 quem
1067 3073 1215 3162 doctri-

26 3319 27 3326 *
145 3261 206 3319 ne
228 3250 512 3350 praestantem
533 3263 589 3319 ex
605 3233 863 3322 Antimacho
879 3237 984 3322 Tuo
997 3237 1215 3339 novimus,

147 3420 279 3508 quem
297 3421 438 3480 coram
456 3394 717 3509 compellare·
729 3425 777 3482 ac
793 3395 976 3482 salutare
987 3395 1053 3482 bis
1067 3394 1214 3482 saltem

146 3580 266 3636 anno
284 3550 394 3637 mihi
406 3552 648 3641 felicissime
661 3556 854 3678 contigit
891 3555 992 3642 Huc
1007 3553 1215 3641 accedunt

147 3711 316 3797 crebrae
325 3713 451 3798 Tuae
465 3713 687 3835 epistolae,
706 3743 762 3802 ex
778 3714 934 3829 quibus
949 3745 1018 3802 me
1033 3745 1127 3801 eam
1143 3745 1213 3800 vo-

147 3869 368 3986 luptatem,
384 3901 495 3988 quae
508 3902 563 3958 ex
574 3875 796 3962 carissimis
811 3873 1213 3992 iucundissimisque

145 4028 274 4119 rebus
286 4032 454 4147 percipi
466 4031 585 4134 solet,
598 4063 760 4153 capere,
777 4063 949 4153 prorsus
961 4034 1092 4122 velim
1105 4037 1214 4124 Tibi
