2906 4836
487 253 719 318 FASTORUM
739 253 819 314 LlB.
842 254 886 312 ll.

149 440 261 515 Dixit,
286 451 326 500 et
341 437 466 521 aratiqni
488 448 694 500 monumenta
714 436 874 519 perennia
896 433 972 496 facti

174 527 334 630 linguis,
356 546 454 623 Avis,
478 547 614 622 Crater,
643 543 753 604 sidera
773 543 883 606 iuncta
905 544 1036 610 micant.

151 762 268 824 Tertia
289 773 366 842 post
387 760 462 820 ldus
484 758 587 820 nudos
607 760 737 820 Aurora
757 760 926 840 Lupercos

192 867 365 948 Adspicit,
384 879 417 926 et
438 865 542 926 Fauni
564 882 655 926 sacra
674 865 820 926 bicornis
841 880 949 927 erunt.

148 972 282 1050 Dicite,
303 973 473 1050 Pierides,
495 992 659 1034 sacrorum
680 993 763 1054 quae
785 972 826 1032 sit
849 973 957 1054 origo,

190 1079 372 1159 Attigcrint
393 1081 501 1140 Latias
521 1079 607 1140 unde
630 1080 734 1161 petita
757 1079 879 1140 domos.

147 1187 238 1246 Pana
260 1187 355 1246 deum
376 1186 506 1268 peeoris
528 1198 661 1248 veteres
685 1185 826 1246 coluisse
847 1185 1003 1247 feruntur

166 1375 170 1382 .
190 1293 344 1354 Arcades.
391 1291 540 1353 Arcadiis
559 1291 720 1373 plurimus
743 1291 800 1352 ille
822 1291 920 1373 iugis.

146 1400 256 1460 'l'estis
277 1399 344 1460 erit
364 1399 505 1473 Pholoe,
527 1409 628 1458 testes
649 1397 890 1480 Stymphalides
911 1391 1029 1477 undae,

188 1505 319 1598 Quique
342 1506 414 1566 citis
434 1505 546 1566 Ladon
568 1504 603 1565 in
622 1525 712 1565 marc
736 1505 840 1565 currit
863 1505 968 1586 aquis,

147 1614 327 1696 Cinctaque
348 1613 471 1695 pinetis
492 1611 636 1674 nemoris
659 1611 735 1693 iuga
754 1610 940 1688 Nonacrini,

188 1745 327 1826 Altaque
350 1745 501 1826 Cyllene,
522 1742 781 1824 Parrhasiaeque
802 1743 905 1804 nivea.

146 1853 215 1912 Pan
238 1863 311 1913 erat
333 1853 471 1914 armenti
492 1863 620 1927 custos,
642 1853 710 1910 Pan
730 1869 849 1912 numen
871 1869 1046 1933 equarum:

188 1963 301 2020 Munus
322 1960 364 2021 ob
387 1959 566 2020 incolumes
588 1957 646 2018 ille
669 1956 799 2018 ferebat
821 1972 912 2021 cres.

147 2065 334 2128 Transtulit
353 2065 507 2127 Euander
530 2063 694 2131 silvestria
715 2063 845 2125 numina
866 2082 983 2126 secum.

187 2172 270 2250 Hic,
301 2171 358 2232 ubi
389 2194 474 2234 nunc
502 2172 582 2234 urbs
603 2163 681 2247 est,
711 2183 780 2232 tum
808 2174 898 2232 locus
925 2173 1017 2234 urbis
1047 2161 1130 2236 erat.
1155 2181 1213 2242 280

145 2279 225 2341 Inde
248 2278 344 2340 deum
366 2280 523 2357 colimus,
547 2277 746 2360 devectaque
768 2297 862 2338 sacra
882 2279 1038 2362 Pelasgis.
1112 2273 1116 2284 ¹

185 2388 320 2448 Flamen
341 2385 382 2446 ad
403 2386 483 2447 haec
503 2386 615 2470 prisco
637 2407 727 2450 more
748 2387 853 2448 Dialis
874 2398 957 2448 erat.

144 2493 214 2555 Cur
240 2493 345 2576 igitur
366 2505 515 2570 currant,
538 2505 572 2554 et
588 2515 645 2554 cur
658 2531 700 2545 --
713 2495 761 2556 sic
779 2513 914 2556 currere
933 2512 1003 2554 mos
1024 2506 1071 2554 cst
1092 2528 1133 2542 -

184 2600 277 2664 Nuda
297 2601 408 2662 ferant
427 2600 533 2684 posita
554 2619 696 2685 corpora
716 2613 823 2680 veste,
846 2621 952 2684 rogas.

203 2873 261 2930 265.
281 2873 338 2932 Un,
353 2873 587 2942 optim0patantia,
622 2872 682 2936 268.
700 2871 825 2936 Plurimi
838 2883 908 2922 erum
923 2870 1004 2940 quod
1015 2870 1131 2935 reduxi,
1148 2871 1209 2941 plc-

144 2969 205 3039 riq.
220 2968 338 3024 melior.
354 2979 424 3035 aunt,
440 2967 521 3039 quod
535 2967 577 3019 Hs
597 2981 659 3022 rec.
678 2965 723 3022 cf.
734 2965 777 3030 11,
794 2965 853 3021 150,
894 2961 953 3028 a7o,
971 2962 1097 3016 Plurimi
1106 2965 1210 3034 Alliga-

143 3064 187 3118 rit.
226 3078 286 3131 271.
309 3061 506 3130 Umfitentur.
554 3060 611 3130 273.
637 3061 693 3118 Un.
714 3071 782 3125 erat,
800 3057 1055 3130 quindecimam,
1078 3057 1136 3108 duo
1154 3060 1211 3114 eris,

146 3156 205 3226 275·
223 3155 318 3212 Nonn.
334 3155 446 3223 spinatis,
481 3153 539 3223 276.
559 3153 673 3225 Pleriq.
692 3157 827 3218 Troezene,
843 3151 987 3204 tredecim
1000 3152 1099 3216 Cyllene
1103 3187 1114 3215 ,
1129 3151 1210 3222 quod

142 3247 184 3301 Hs
196 3264 277 3314 rec„
297 3245 355 3298 duo
373 3249 474 3316 Tigeua.
520 3265 578 3318 277.
604 3248 694 3300 Multi
714 3251 773 3299 Pan
787 3259 841 3298 erut
852 3248 967 3310 armenti,
985 3248 1044 3296 Pon
1058 3247 1109 3296 illic
1123 3265 1211 3296 nornen

142 3361 279 3410 aquarum,
297 3349 427 3412 quatuor
448 3351 585 3394 nostruin
600 3341 671 3411 leg,
697 3340 778 3412 quod
793 3341 834 3394 Hs
851 3357 913 3397 rec.
926 3371 961 3379 -
977 3339 1067 3392 Multi
1079 3357 1209 3406 aquarum,

143 3433 281 3486 undecim
297 3453 425 3502 equarum.
444 3435 523 3488 Illud
534 3434 669 3488 defendit
683 3433 783 3494 Ilum,
795 3451 892 3504 neque
906 3441 1004 3485 tamen
1020 3432 1147 3486 alterum
1159 3433 1209 3482 im·

142 3528 263 3600 prohat.
298 3528 359 3586 280.
373 3527 516 3582 Heinsius
527 3528 559 3582 iu
570 3529 679 3599 Opusc.
688 3546 719 3598 p.
730 3529 789 3580 226,
801 3529 860 3598 leg.
870 3530 941 3592 Huc,
953 3527 1033 3598 quod
1044 3544 1066 3583 c.
1078 3525 1207 3596 priorih.

144 3619 311 3692 coniungit.
350 3620 410 3675 281.
430 3622 486 3679 Un.
497 3621 601 3693 optim.
611 3639 636 3678 c,
648 3619 738 3678 duob.
747 3599 882 3674 aliis'hoc
893 3603 1043 3672 distichon
1052 3636 1113 3672 uon
1123 3617 1209 3686 legit.

145 3713 204 3772 2822
223 3715 375 3792 Quinqab
388 3718 446 3782 hoc,
466 3715 591 3769 totidem
603 3718 706 3782 adhoc,
722 3725 786 3769 tres
796 3717 892 3781 addua,
907 3733 957 3772 un.
967 3717 996 3766 ob
1007 3717 1062 3774 hoc,
1079 3743 1113 3753 -
1129 3711 1208 3764 Duo·

144 3805 271 3876 decerit,
286 3811 346 3864 duo
358 3813 431 3869 inest.
450 3811 491 3863 lls
501 3809 614 3868 conice.
630 3822 671 3862 eat
681 3820 732 3863 aut
747 3812 811 3868 adit,
828 3809 929 3868 Burm.
943 3809 1032 3862 aliter
1052 3807 1208 3875 interpun·
1280 3853 1283 3866 ,

145 3899 191 3972 git
208 3911 237 3953 ct
249 3903 308 3973 leg.
320 3907 437 3976 Pelasgis
448 3907 490 3960 at.
500 3907 583 3966 adlzuc
594 3933 626 3945 -
639 3907 706 3975 ugit,
720 3921 807 3976 quam
820 3903 1020 3956 coniecturam
1030 3899 1146 3968 Gicrig.
1160 3915 1206 3951 rc-

143 3994 237 4068 ccpit.
255 3997 670 4068 ApuddrcadesLycacorum
680 4015 762 4050 sacra
775 3996 914 4050 sacerdos
924 3993 1001 4047 lovis
1009 3991 1115 4062 Lycaei
1124 3993 1208 4050 l'ecit.

142 4089 460 4152 ctPausaanILSB.
496 4092 554 4150 283,
571 4090 632 4144 Alii
642 4090 728 4145 multi
739 4094 764 4144 si
773 4109 838 4150 eurr,
873 4090 931 4158 284.
946 4089 1008 4147 Un,
1016 4091 1139 4157 Nudaque
1147 4091 1208 4146 sint,
