2906 4836
219 283 279 344 1221
560 274 595 336 P.
618 271 754 340 0V1D11
777 270 953 334 NASONIS

299 458 372 516 Hoc
396 474 490 537 epus,
512 455 590 514 haec
610 453 728 536 pietas,
750 452 831 514 haec
846 451 950 534 prima
970 450 1131 512 elementa
1153 450 1289 512 fuerunt

218 584 277 643 7¹⁰
341 561 510 636 Caesaris,
540 559 653 622 ulcisci
674 559 759 620 iusta
781 578 843 640 per
866 579 953 617 arma
974 571 1113 638 patrem.

299 776 437 835 Postera
461 795 559 856 quum
580 785 711 834 teneras
732 775 861 834 Aurora
883 771 1045 832 refecerit
1066 770 1197 848 herhas,

340 880 496 962 Scorpios
519 902 536 941 a
558 880 779 962 primiparte
802 877 962 943 videndus
984 878 1063 939 erit.

306 1092 422 1153 Tertia
444 1103 519 1174 post
542 1091 617 1152 Idus
639 1093 694 1152 lux
716 1105 764 1154 est
785 1089 1001 1152 celeberrima
1023 1091 1160 1157 Baccho.

341 1199 489 1276 Bacche,
512 1199 690 1276 inverati,
714 1199 788 1258 dum
809 1209 865 1258 tua
886 1197 968 1258 testa
991 1219 1080 1262 cano.

164 1339 167 1344 ·
222 1309 371 1387 715Nec
398 1309 543 1368 referam
564 1305 714 1368 Semelen
724 1327 734 1382 3
765 1302 919 1384 adquam
941 1303 1002 1362 nisi
1025 1304 1160 1366 fulmina
1182 1325 1293 1368 secum

342 1415 492 1497 Iuppiter
514 1413 670 1486 afferret,
693 1430 812 1494 parvus
836 1408 971 1468 inermis
990 1423 1083 1496 ¹eret:

301 1524 387 1597 Nec,
410 1541 494 1602 puer
516 1533 553 1581 nt
574 1537 686 1602 posses
709 1528 837 1576 maturo
860 1527 1009 1596 ternpore
1031 1517 1131 1595 nasci,

341 1630 516 1709 Expletum
538 1626 647 1708 patrio
671 1623 810 1703 corpore
833 1607 953 1682 matris¹
967 1643 1059 1685 onus.

303 1733 452 1796 Sithonas
476 1747 510 1794 et
532 1733 695 1813 Scythicos
715 1731 849 1811 longum
871 1742 922 1789 est
940 1751 1078 1791 narrare
1097 1731 1291 1814 triumphos,

223 1859 283 1922 720
344 1844 387 1902 Et
406 1841 544 1902 domitas
567 1851 699 1920 gentes,
721 1835 845 1896 turifer
867 1835 962 1911 Inde,
993 1849 1075 1899 tuas.
1167 1863 1169 1868 ·

304 1949 355 2006 Tu
377 1967 507 2030 quoque
531 1945 706 2006 Thebanae
733 1944 816 2004 mala
847 1943 969 2025 praeda
991 1943 1144 2004 tacebere
1166 1947 1293 2026 metris,

343 2057 444 2136 Inque
467 2065 557 2114 tuum
579 2051 787 2126 semirame,
811 2051 978 2129 Lycurge,
1002 2071 1095 2129 genu.

306 2162 393 2221 Ecce
415 2160 499 2222 libet
521 2159 644 2218 subitos
665 2157 770 2239 pisces
793 2156 1025 2238 Tyrrhenaque
1047 2172 1192 2219 monstra

346 2266 491 2346 Dicere3
515 2265 573 2326 sed
594 2283 658 2324 non
681 2274 732 2323 est
753 2263 912 2324 carminis·
925 2262 1019 2322 huius
1043 2285 1135 2346 opus⁴

227 2427 371 2449 mu·—

293 2535 344 2588 709
375 2518 449 2570 Tres
463 2519 589 2580 alimenta,
606 2531 682 2566 unus
698 2517 758 2564 Ilaec
770 2517 881 2580 praemia.
890 2516 999 2582 gratas
1016 2543 1049 2552 -
1063 2515 1136 2566 Tres
1139 2515 1226 2582 ficere,
1243 2535 1295 2573 un.

212 2609 348 2677 seruntur.
369 2609 452 2666 Suet.
462 2611 538 2679 Aug.
554 2626 595 2660 10.
623 2609 700 2658 Niln'l
709 2610 888 2658 convenientius
899 2611 970 2658 drmit
973 2645 984 2671 ,
1000 2627 1072 2674 qnam
1088 2627 1166 2658 necem
1181 2613 1299 2660 avunculi

226 2705 362 2756 vindicare.
409 2719 469 2769 710.
487 2702 545 2756 Un.
559 2713 666 2766 maesta,
681 2711 763 2770 quat.
780 2712 845 2756 rata.
894 2716 956 2768 712,
973 2701 1015 2751 Ex
1031 2719 1090 2752 uno
1108 2701 1233 2754 meliore
1253 2704 1296 2758 Hs

224 2813 290 2854 Τοῦ.
304 2799 428 2863 Scorpios,
446 2794 540 2848 ceteri
552 2798 677 2863 Scorpius.
695 2825 728 2833 —
745 2794 801 2850 Un.
814 2816 830 2844 a
843 2797 932 2851 media,
951 2826 983 2834 -
1001 2795 1059 2851 Un.
1075 2809 1139 2862 erat,
1160 2795 1235 2848 alius
1248 2810 1297 2854 eat,

224 2890 287 2955 715.
304 2889 362 2944 Un.
377 2887 485 2940 melior
500 2890 586 2957 refero,
621 2889 682 2958 716.
702 2889 826 2968 Quidam
841 2906 875 2940 cx
887 2888 1006 2945 melior,
1016 2901 1077 2954 crat,
1093 2890 1296 2960 quodrecepi,

227 2981 323 3034 ceteri
334 3000 397 3038 eras.
424 2981 465 3033 Hs
480 2998 555 3039 mcv,
571 2995 660 3050 partus
673 2985 773 3034 inermis
785 3003 847 3036 cras.
867 2983 1024 3035 Sententia
1039 2984 1160 3040 verbor.
1176 3001 1239 3036 esse
1255 2985 1295 3054 Vi·

227 3074 316 3126 detur
329 3097 336 3127 2
357 3076 487 3141 Iuppiter,
502 3078 551 3124 nisi
563 3078 588 3124 in
600 3097 698 3127 summa
713 3081 840 3128 maiestate
851 3097 898 3127 sua
909 3075 1127 3142 cnmjiclminr'bns
1138 3080 1298 3144 apparuisset,

226 3169 323 3231 qualem
339 3185 393 3216 eum
407 3169 486 3216 ridere
502 3168 591 3216 Semele
607 3172 720 3235 optabat,
745 3174 804 3220 dens
819 3189 911 3236 parvus
934 3169 1150 3236 inermisfirisset,
1178 3169 1224 3226 Cf.
1237 3171 1298 3236 440,

226 3276 288 3327 7¹7·
308 3259 418 3331 Quinq.
432 3263 500 3310 Nam
508 3279 580 3326 puer,
628 3261 689 3327 7¹8·
707 3261 889 3329 Duofemore.
906 3260 948 3312 Hs
962 3264 1147 3328 manfimirre.
1162 3294 1192 3302 -
1209 3263 1296 3339 Quat.

227 3372 304 3416 onus,
318 3351 399 3422 quod
410 3350 541 3417 Hsree„
557 3354 653 3406 ceteri
666 3375 735 3420 opus,
754 3355 890 3411 oriem.
906 3353 953 3419 lll,
969 3354 1029 3410 310.
1048 3355 1223 3408 deBaceho:
1243 3359 1296 3406 Im-

224 3447 348 3516 perfectus
361 3448 444 3496 adlmc
458 3445 543 3513 irfirns
556 3451 683 3517 genitricis
698 3451 729 3499 ab
749 3450 802 3499 alno
812 3451 941 3515 Eripitm·‚
959 3451 1088 3515 patrioque
1102 3460 1167 3498 tener
1177 3479 1209 3488 —-
1225 3453 1299 3499 Insu-

227 3540 387 3608 iturflmori,
402 3550 558 3607 maternaque
575 3553 681 3607 tempora
699 3544 808 3608 complet.
824 3541 916 3593 -De
931 3541 1040 3593 Bacchi
1060 3544 1192 3608 triumphis
1208 3551 1298 3612 agunt

227 3633 327 3685 Nonni
343 3631 536 3702 Dionysiaca3
557 3633 593 3686 de
609 3637 722 3688 Pentheo
736 3635 904 3687 Thebarum
920 3651 1009 3704 rege,
1030 3636 1070 3692 εἴ,
1089 3635 1176 3686 Ovid.
1192 3635 1232 3689 Μ.
1251 3635 1299 3697 lll,

228 3727 279 3793 514
287 3745 296 3793 3
317 3725 353 3777 de
366 3727 496 3796 Lycurgo,
512 3726 586 3784 ibid.
598 3727 651 3792 IV,
667 3745 708 3784 22.
722 3739 751 3780 et
765 3727 800 3778 (le
817 3729 952 3794 Tyrrhenis
963 3733 1078 3780 monstris
1089 3727 1161 3783 ibid.
1179 3728 1226 3791 Ill,
1240 3729 1301 3796 507.

228 3837 291 3889 7¹9·
315 3819 405 3872 Multi
419 3824 547 3876 Bistonas.
569 3851 602 3860 —
625 3819 751 3871 Plurimi
773 3823 873 3890 longum
890 3833 926 3870 est
941 3839 1053 3884 narrare,
1072 3819 1153 3888 quod
1172 3822 1300 3886 serrari,

232 3912 289 3962 duo
302 3915 368 3983 long.
384 3934 540 3976 enumerare,
563 3911 644 3983 quod
656 3913 697 3964 Hs
711 3931 772 3969 rec.
816 3931 876 3980 72¹·
897 3915 971 3966 Tres
989 3916 1106 3969 melior.
1125 3919 1187 3966 male
1201 3920 1303 3982 pracda,

232 4002 362 4071 quost
373 4022 446 4072 ree,
463 4007 565 4064 Burni,
578 4014 676 4062 nostr,
688 4007 768 4077 vulg.
784 4007 854 4065 lect,
864 4007 1009 4064 restituit.
1046 4007 1107 4076 723.
1125 4009 1181 4065 Un.
1195 4017 1298 4075 exopt.

235 4095 387 4162 Tyrrhenia.
