2876 4826
217 281 262 346 [10
551 281 589 340 Ρ.
613 279 949 348 0Vln11NA50Nts

302 463 409 522 Februa
430 461 567 523 Romani
589 461 704 523 dixere
725 461 866 544 piamina
887 472 1020 544 patres:

219 589 257 632 eo
337 569 430 630 Nunc
451 588 580 650 quoque
603 567 679 628 dant
700 567 805 630 verbo
827 567 968 651 plurima
988 566 1078 648 signa
1099 565 1206 631 iidem.

298 673 476 736 Pontilices
497 673 536 734 ab
558 675 649 753 Rege
670 686 788 757 potunt
811 686 846 736 et
865 673 1013 734 Flumine
1034 673 1136 751 lanas,

339 780 422 872 Quis
444 781 552 844 veteri
572 779 681 860 lingua
702 783 809 840 Februa
828 799 944 843 nomen
965 792 1054 857 ernt;

299 888 460 978 Quaeque
482 887 570 970 capit
591 886 693 949 lictor
715 886 861 950 domibus
882 887 1074 970 purgamina
1096 887 1211 965 certis,

337 997 479 1060 Tumida
502 1017 573 1058 oum
592 994 678 1056 mica
698 994 807 1072 lbera,
827 1007 988 1057 vocantur
1009 995 1107 1061 idem.

218 1104 257 1167 25
298 1107 422 1168 Nomen
443 1103 531 1166 idem
551 1123 660 1180 ramo,
684 1103 741 1184 qui
763 1120 876 1164 caesus
897 1101 937 1163 ab
959 1103 1081 1164 arbore
1101 1121 1186 1196 pura

336 1213 433 1275 Casta
455 1209 662 1274 sacerdotum
682 1206 833 1292 tempora
854 1209 974 1271 leonae
994 1209 1089 1288 tegit.

297 1321 372 1402 lpse
394 1339 457 1402 ego
479 1317 688 1380 Flamininum
708 1315 1036 1400 poscentem-februa
1057 1314 1142 1381 vidi:

336 1427 467 1489 Februa
490 1425 642 1509 poscenti
663 1424 762 1508 pinea
783 1425 878 1507 virga
901 1423 975 1486 data
998 1435 1058 1485 est.
1157 1479 1159 1486 ,

294 1524 447 1618 Denique
466 1534 690 1618 quodcumque
704 1545 768 1610 est,
784 1552 849 1616 quo
861 1543 999 1616 pectora
1013 1530 1287 1615 nostrapientur,

213 1645 253 1707 3ο
335 1643 408 1702 Hoc
432 1640 517 1724 apud
538 1639 680 1701 intonsos
701 1657 820 1700 nomon
841 1637 983 1700 habebat
1004 1659 1094 1704 avos·

294 1748 416 1810 Mensis
438 1747 477 1808 ab
499 1746 551 1807 his
573 1745 698 1823 dictus,
721 1758 809 1808 secta
831 1745 907 1828 quia
928 1745 1017 1828 pelle
1037 1745 1183 1828 Luperci

335 1853 442 1918 Omne
464 1855 570 1915 solum
590 1856 750 1928 lustrant,
771 1852 872 1935 idque
892 1851 1022 1934 piamen
1043 1852 1183 1931 habent;

294 1963 362 2022 Aut
383 1961 459 2042 quia
480 1959 618 2042 placatis
640 1973 716 2021 sunt
736 1971 885 2041 tempora
905 1979 989 2041 pura
1010 1959 1184 2042 sepulcris,

332 2069 426 2128 'l'uuc
449 2069 548 2149 quum
569 2065 690 2128 ferales
710 2065 921 2148 praeteriere
943 2065 1025 2132 dies.

211 2174 252 2240 35
295 2173 401 2237 Omne
422 2173 515 2235 nefas
534 2155 726 2258 omnemque
747 2173 823 2235 mali
844 2173 1037 2256 purgamina
1059 2193 1183 2254 eausam

333 2279 522 2342 Credebant
541 2281 645 2342 nostri
666 2279 788 2342 tollere
808 2297 905 2364 posse
926 2299 1033 2349 senes.

293 2387 432 2452 Graecia
453 2387 654 2472 principium
674 2386 776 2448 moris
798 2386 874 2453 luit.
915 2387 977 2450 llla
996 2402 1163 2452 nocentes·

333 2495 433 2577 Impia
454 2498 612 2556 lustratos
632 2515 757 2577 ponere
778 2493 866 2556 faeta
886 2494 990 2579 putat.
1201 2495 1205 2502 ’

292 2602 473 2665 Actoriden
493 2604 629 2678 Peleus,
651 2601 758 2684 ipsum
779 2622 910 2684 quoque
931 2603 1031 2665 Palea
1052 2603 1156 2666 Phoci

212 2721 251 2784 ao
334 2709 442 2773 Caede
464 2727 526 2795 per
548 2707 743 2772 Haemonias
767 2708 867 2772 solvit
886 2709 1027 2772 Acastus
1048 2731 1158 2793 aquas.

294 2818 432 2883 Vectam
453 2815 594 2877 frenatis
616 2817 795 2900 perinane
818 2817 1014 2880 draconibus
1036 2817 1167 2900 Aegeus

334 2923 494 2986 credulus
515 2924 678 2990 immerita
699 2924 833 2987 Phasida
855 2924 939 2990 iuvit
960 2944 1034 3007 ope.
1081 2925 1083 2932 '

268 3251 556 3327 19.Quinq.piocnla.
586 3252 752 3310 sonnonem
763 3255 947 3325 Hra'oquoque.
977 3256 1132 3313 andtilo.
1164 3260 1283 3316 cmlii

208 3344 331 3408 belenum,
350 3340 388 3398 al.
405 3355 508 3395 veterum
524 3346 563 3408 iu,
583 3345 621 3403 al,
637 3347 713 3397 veteri
727 3348 764 3403 iu.
805 3346 848 3404 ad.
866 3348 923 3404 Un.
935 3353 1028 3416 cernis,
1048 3361 1110 3403 tres
1125 3355 1212 3419 ternis,
1229 3373 1285 3410 uu.

208 3440 313 3495 oomnis.
327 3436 609 3510 HinthlegAersis.
640 3439 807 3506 240'Novettt
820 3443 1134 3514 Turbida,ttn.Turge'da.
1164 3463 1206 3518 27,
1219 3447 1283 3500 Alii

208 3534 362 3586 Flaminiam
373 3543 424 3586 aut
437 3535 603 3600 Flumineam.
646 3530 689 3588 28.
707 3531 749 3585 Hs
762 3549 838 3591 mar.
848 3538 947 3602 spineo,
960 3555 1011 3595 un.
1025 3539 1119 3595 laurea.
1163 3556 1206 3610 29.
1224 3540 1283 3596 Un.

211 3629 334 3695 quidquid
348 3630 378 3680 id
387 3639 432 3686 est.
442 3658 485 3688 ‚-·
502 3625 592 3680 Multi
608 3644 718 3695 corporo.
734 3657 768 3672 -
786 3629 908 3698 Septem
920 3633 1027 3698 pientur,
1044 3650 1096 3690 un.
1106 3636 1201 3701 piatur,
1218 3644 1282 3688 tros

205 3725 325 3789 pientur,
348 3723 536 3789 (ineptarum,
558 3718 640 3794 quod
651 3718 769 3778 Hares.
794 3719 1055 3792 Egonec.pierarur.
1095 3726 1140 3782 31.
1166 3725 1282 3798 Pleriq.

208 3827 304 3874 sancta.
319 3843 354 3856 -
370 3813 433 3870 Atii
444 3818 517 3880 quod,
530 3831 581 3872 uu.
593 3833 650 3882 qtae,
665 3814 743 3868 alius
756 3834 814 3883 quaa,
830 3815 1003 3892 duoquoque.
1043 3819 1088 3876 33.
1106 3820 1163 3877 Un.
1173 3823 1283 3901 pacatis·

208 3907 252 3962 35.
270 3907 549 3978 l'leriq.purgamirrc.
583 3906 628 3974 37.
645 3907 708 3964 Alii
720 3912 797 3975 dedit,
810 3909 997 3984 pleriq.fiar't.
1031 3912 1075 3969 38.
1094 3912 1169 3966 ‘l'res
1180 3926 1283 3981 putant.

208 4001 251 4068 39.
265 3999 321 4062 Un,
330 4001 488 4072 Actoridae.
507 4030 541 4045 -
558 3999 619 4054 Pro
629 4003 713 4056 Plrora'
725 4002 889 4078 un0fratris,
923 4008 968 4072 4ο.
981 4004 1037 4067 Un.
1050 4009 1233 4067 Haeruom'das.
1247 4035 1281 4050 -·

210 4093 346 4151 Ualeria
380 4095 424 4163 la.
444 4095 641 4169 Plerimsooie,
659 4097 717 4153 duo
727 4099 808 4165 uait,
823 4113 875 4156 un.
887 4099 960 4157 vovit.
