2876 4826
491 266 725 329 rusronnu
751 267 833 336 ure.
856 272 880 333 1.
971 353 973 358 ἲ
1044 285 1048 294 ’
1212 278 1232 344 7

145 449 317 532 luppiter,
347 468 425 510 arce
454 469 511 510 sua
538 461 645 511 totum
668 471 767 533 quum
795 465 926 534 spectet
955 453 989 514 in
1019 453 1147 534 orbem,
1189 458 1230 518 85

188 555 244 618 Nil
265 554 328 616 nisi
348 557 544 634 Romanum,
567 557 657 640 quod
679 569 831 634 tueatur,
854 559 966 620 hahet.

148 663 267 739 Salve,
290 662 378 724 laeta
401 663 492 742 dies,
514 666 700 749 meliorque
723 678 898 731 revertere
922 684 1062 750 semper,

191 773 220 832 A
241 771 365 853 populo
387 791 501 832 rerum
523 773 621 855 digna
642 785 780 856 potente
803 774 888 845 coli!

148 879 256 972 Quem
277 892 386 940 tamen
408 901 482 943 esse
505 882 602 942 deum
623 895 656 942 te
679 881 801 959 dicam,
825 884 900 942 lane
926 883 1107 944 biformis?

195 991 286 1060 Nam¹
301 987 364 1048 tihi
385 1010 446 1071 par
467 991 592 1050 nullum
616 989 756 1053 Graecia
776 1009 895 1050 numen
917 989 1026 1051 hahet.

145 1095 221 1157 Ede
244 1097 340 1156 simul
363 1117 507 1176 causum,
530 1117 590 1158 cur
615 1097 655 1157 de
679 1096 879 1158 coelestibus
903 1119 1000 1172 uuus,

195 1203 312 1287 Sitque
335 1203 422 1286 quod
445 1225 463 1263 a
484 1217 600 1286 tergo,
623 1205 730 1286 sitque
754 1203 843 1286 quod
864 1218 957 1281 ante,
981 1207 1083 1270 vides.

145 1315 241 1373 Haeo
263 1323 323 1390 ego
346 1331 446 1392 quum
468 1313 605 1396 sumptis
631 1313 792 1395 agitarem
810 1325 919 1374 ruente
942 1313 1084 1390 tabellis,
1109 1384 1115 1396 ι

190 1419 350 1480 Lucidior
374 1419 442 1482 visa
463 1433 531 1497 est,
556 1442 651 1502 quam
674 1419 739 1481 fuit
762 1433 853 1497 ante,
878 1422 1003 1485 domus.

146 1531 235 1588 Tum
258 1546 351 1590 sacer
375 1527 512 1610 ancipiti
534 1527 700 1588 urinandus
723 1527 865 1608 imagine
887 1530 980 1586 lanus

193 1635 284 1696 Bina.
300 1655 420 1717 repens
443 1634 548 1694 oculis
571 1635 692 1694 obtulit
714 1655 772 1694 ora
794 1635 885 1698 meis.

147 1742 334 1824 Obstupui,
359 1741 514 1823 sensique
536 1755 627 1802 metu
648 1741 789 1819 riguisse
813 1740 960 1823 capillos,

142 1841 147 1856 ’
190 1851 235 1908 Et
256 1847 400 1928 gelidum
424 1849 534 1911 subito
557 1850 691 1933 frigore
710 1863 830 1932 pectus
853 1863 936 1910 erat.

144 1957 209 2016 llle
232 1968 349 2016 tenens
373 1957 489 2018 dextra
509 1958 678 2036 baculum,
704 1960 894 2042 clavemque
917 1959 1061 2038 sinistra,

191 2063 306 2125 Edidit
326 2064 387 2125 hos
410 2066 505 2126 nobis
528 2086 587 2126 ore
609 2065 724 2148 priore
747 2085 855 2128 sonos:

145 2171 269 2248 Disce,
290 2184 381 2232 metu
401 2172 531 2255 posito,
553 2186 645 2236 vates
669 2195 812 2256 operose
837 2174 978 2253 dierum,

198 2279 295 2367 Quod
315 2280 421 2363 petis,
446 2293 479 2340 et
495 2287 598 2344 'voees
619 2283 758 2365 percipe
780 2295 890 2344 mente
913 2304 1013 2344 meas.

145 2389 201 2446 Me
222 2387 325 2447 Chaos
348 2387 475 2470 antiqui
493 2425 533 2436 -
545 2411 617 2450 narn
640 2411 694 2450 res
713 2411 784 2450 sum
799 2392 908 2472 prisca
924 2426 965 2440 -
981 2391 1149 2456 vocabant.

194 2493 356 2577 Adspice,
381 2518 476 2578 quam
497 2498 586 2580 longi
608 2498 768 2580 temporis
790 2509 859 2557 acta
883 2517 1004 2557 canam.

146 2601 293 2664 Lucidus
323 2603 375 2664 hie
406 2609 480 2681 adr,
512 2617 564 2682 et,
595 2626 678 2688 quae
707 2597 774 2666 trid
802 2625 945 2688 corpora
975 2619 1115 2684 restant,
1177 2611 1232 2673 105

195 2711 300 2792 Ignis,
324 2733 444 2794 aquae,
467 2714 586 2788 tellus,
611 2733 693 2772 unus
716 2732 852 2777 acervus
873 2726 978 2777 erant.

144 2819 192 2878 Ut
214 2819 314 2878 semel
336 2819 418 2880 haec
441 2841 554 2880 rerum
577 2819 716 2881 secessit
738 2820 799 2882 lite
822 2839 964 2898 suarum,
992 2849 995 2858 ·
1078 2813 1080 2820 ’

194 2928 295 3008 Inque
319 2948 419 2989 novas
444 2928 525 2988 abiit
546 2948 651 2987 massa
673 2928 779 2988 soluta
803 2927 934 3004 domos3

215 3171 259 3228 85,
275 3171 341 3224 Duo
355 3181 458 3239 spectat.
476 3169 590 3226 Tibull.
609 3169 662 3235 IV,
686 3187 715 3229 ι,
742 3171 800 3227 130,
820 3171 937 3237 Iuppiter
958 3173 1011 3234 ipse
1029 3173 1076 3223 levi
1091 3186 1173 3227 uectus
1189 3195 1234 3242 per

143 3268 236 3318 inania
249 3285 324 3316 curru
335 3263 452 3332 Adfuit,
469 3275 492 3313 et
503 3265 566 3314 coelo
580 3266 687 3316 oscinum
702 3267 775 3332 liquit
792 3267 942 3332 Olympum,
956 3269 1105 3335 Intentoque
1118 3272 1169 3320 tuis
1177 3289 1233 3336 pre-

143 3360 216 3410 cibus
225 3378 250 3408 sc
259 3359 374 3426 praebuit
382 3376 452 3412 auro.
488 3360 533 3422 87.
545 3355 568 3406 E
583 3355 656 3412 libr.
666 3357 827 3414 vetustior.
837 3357 878 3409 Hs
890 3375 953 3414 rec.
962 3359 1037 3425 loeta,
1053 3361 1233 3429 cctctifesm,

147 3451 228 3522 quod
240 3450 315 3506 Cios.
328 3451 478 3521 praefert.
513 3465 556 3517 qa.
575 3449 637 3501 Alii
653 3453 735 3515 quue
746 3469 770 3516 q.
781 3469 797 3498 a
809 3462 828 3505 t,
838 3463 883 3515 est,
897 3455 978 3522 idque.
990 3483 1024 3492 -
1037 3453 1078 3512 Hs
1091 3471 1165 3510 mav,
1177 3458 1231 3505 Ητ-

144 3547 336 3619 que—fitque,
371 3545 580 3616 qd.Tresdc'es,
615 3543 659 3613 qo.
672 3542 762 3596 Multi
772 3557 879 3611 repente.
915 3545 1232 3616 q7‚AliiExtim1n',urr.

144 3640 301 3703 Encrueim
320 3648 419 3695 nostr.
432 3635 556 3695 rec.Hs.
567 3654 582 3690 c
592 3635 679 3694 codd.
691 3635 761 3693 mel.
779 3669 813 3678 -
832 3637 907 3690 Tres
917 3659 993 3696 meos.
1028 3659 1071 3711 qq.
1088 3639 1145 3696 Un.
1157 3641 1232 3691 bacu-

146 3735 200 3784 lum
210 3737 308 3793 dextro.
345 3709 475 3790 senilia,
487 3735 557 3796 vires,
570 3749 630 3784 non
641 3731 730 3796 male,
748 3741 779 3784 ut
790 3732 832 3785 ait
840 3731 894 3789 Hs.
907 3733 996 3789 -at
1005 3736 1119 3800 concipe:
1132 3743 1232 3792 nostr.

147 3827 275 3884 remiis.
313 3827 371 3883 103,
391 3826 449 3884 Un.
468 3829 599 3894 antiquum
616 3857 650 3868 —-
668 3827 727 3885 Un,
742 3847 800 3879 nom
818 3847 875 3878 sum
893 3846 930 3877 res
942 3829 1041 3894 prisea,
1059 3826 1146 3879 etita
1163 3827 1232 3888 edd,

150 3930 222 3973 ante
234 3921 287 3980 Hs.
310 3921 496 3978 illusores
512 3941 577 3986 sum,
594 3937 631 3974 an
647 3938 682 3974 ex
698 3920 786 3979 codd.
799 3921 915 3978 neseio.
954 3922 1012 3985 ioq'.
1032 3918 1108 3973 Octo
1121 3921 1234 3992 Accipe

147 4021 210 4075 ¹⁰6·
226 4015 288 4066 Alii
302 4015 415 4087 pleriq.
432 4033 498 4083 aqua
516 4027 539 4065 et
553 4027 570 4071 t.
577 4051 588 4080 ,
608 4015 660 4068 alii
673 4034 746 4083 aqua,
761 4027 797 4080 t.‚·
813 4025 895 4086 quat.
911 4021 1025 4066 tanturn
1039 4033 1130 4084 oquae,
1150 4017 1231 4088 quod

140 4108 186 4162 Hs
202 4126 314 4167 1·ec.-
329 4109 377 4168 ΑΙ.
390 4127 424 4162 ex
440 4121 504 4180 opt.
518 4123 581 4176 erat,
602 4111 683 4180 quod
698 4110 790 4168 Lenz.
803 4107 902 4180 praef,
