2906 4836
227 293 267 356 82
563 283 601 346 P.
625 283 764 354 OVlDIl
782 282 961 350 Nasouls

311 470 388 530 Inde
413 467 493 530 [luae
515 466 644 549 pariter
664 499 706 517 ·-
726 464 798 529 visu
819 463 972 526 mirabile
995 497 1035 514 --
1056 467 1181 548 palmae

349 577 504 654 Surgunt.
545 575 595 633 Ex
617 571 684 632 illis
708 571 812 632 altera
832 571 937 632 maior
959 584 1043 647 erat,
1111 608 1113 616 ι

309 683 352 744 Et
375 680 525 760 gravibus
546 679 645 740 ramis
668 691 773 740 totum
793 690 988 762 protexerat
1010 677 1136 757 orbem,

350 787 607 869 Contigeratque
629 805 712 851 nova
737 785 846 846 sidera
867 804 986 846 summa
1008 805 1111 846 coma.

229 897 268 962 35
309 896 395 956 Ecce
417 914 509 954 meus
532 892 660 954 l'errum
680 905 819 976 patruus
840 893 975 954 molitur
997 893 1031 953 in
1053 892 1145 954 illas!

350 1003 500 1061 Terreor
522 998 708 1078 admonitu,
731 1019 855 1083 corque
876 1000 996 1060 timore
1017 999 1127 1060 micat.

282 1145 284 1148 -
309 1107 425 1168 Martia
447 1107 540 1188 picus
562 1107 630 1170 avis
653 1107 779 1187 gemine
801 1127 863 1190 pro
886 1107 998 1190 stipite
1020 1121 1163 1189 pugnant

350 1219 393 1276 Et
413 1216 502 1296 lupa.
544 1217 629 1275 Tuta
649 1235 710 1297 per
733 1213 791 1274 hos
812 1225 952 1296 utraque
975 1215 1080 1296 palma
1102 1213 1178 1275 fuit.

310 1321 467 1382 Dixerat:
491 1333 525 1380 et
546 1324 675 1403 plenam
695 1340 762 1382 non
782 1321 885 1379 firmis
907 1317 1034 1383 viribus
1057 1341 1171 1381 urnam

228 1441 268 1504 4ο
351 1427 500 1494 Sustulit.
520 1465 551 1474 κ
583 1428 756 1510 Implorat,
780 1427 855 1488 dum
877 1449 934 1488 sua
955 1428 1025 1492 visa
1046 1429 1166 1488 refert.
1188 1463 1230 1478 -

309 1537 441 1594 Interea
462 1547 633 1596 crescente
655 1537 777 1612 Reme,
801 1548 973 1604 crescente
998 1535 1151 1627 Quirino,

351 1641 498 1703 Caelesti
520 1641 663 1702 tumidus
683 1641 832 1724 pendere
854 1655 972 1706 venter
993 1653 1075 1704 erat.

311 1748 385 1842 Quo
406 1749 512 1810 minus
534 1749 683 1810 emeritis
706 1749 814 1810 exiret
837 1748 989 1808 cursibus
1010 1769 1125 1826 annus,

348 1855 530 1914 Restabant
550 1855 656 1916 nitido
679 1855 742 1914 iam
765 1855 827 1918 duo
851 1855 942 1936 signa
965 1855 1046 1917 dec:

228 1963 268 2036 45
310 1961 412 2024 Silvia
435 1961 473 2022 fit
493 1975 609 2023 mater.
652 1963 774 2026 Vestae
797 1959 968 2023 simulacra
990 1963 1145 2025 feruntur

248 2113 251 2120 .
350 2067 523 2146 Virgineas
546 2069 652 2128 oculis
676 2068 864 2150 opposuisse
885 2087 1007 2134 manus

308 2177 377 2235 Ara
399 2173 479 2236 deae
500 2189 591 2236 certe
614 2174 768 2249 tremuit,
791 2174 942 2256 pariente
964 2175 1124 2256 ministra,

349 2282 394 2342 Et
414 2280 515 2342 subiit
537 2281 668 2348 cineres
692 2280 811 2340 territa
831 2280 955 2342 {lamma
979 2304 1065 2350 suos.
1237 2363 1239 2368 Ι

310 2389 399 2449 Haec
419 2388 477 2448 ubi
500 2388 656 2470 cognovit
679 2401 885 2470 contemptor
906 2391 1054 2451 Amulius
1076 2391 1184 2473 aequi,

228 2491 269 2554 50
351 2529 391 2541 -
413 2496 492 2556 Nam
513 2509 623 2578 raptas
645 2496 745 2556 lintri
767 2497 875 2560 victor
897 2497 1040 2558 habebat
1061 2517 1141 2580 opes
1162 2531 1205 2546 —-

299 2599 412 2662 ¹Amne
443 2600 536 2662 iubet
564 2601 667 2682 margi
699 2603 857 2684 geminos.
899 2603 1015 2666 Scelus
1043 2604 1128 2666 unda
1153 2605 1299 2685 refugit:

297 2785 301 2797 ι
352 2708 388 2765 1η
411 2705 497 2768 sicca
518 2709 616 2790 pueri
640 2708 865 2771 destituuntur
887 2711 991 2777 hume.

296 2913 340 2972 31.
360 2914 419 2987 Un.
434 2917 494 2966 Sede
507 2919 586 2981 duae,
601 2915 680 2968 uude
692 2916 733 2969 Hs
744 2917 823 2973 coni.
842 2917 918 2968 Aede
929 2927 979 2969 aut
991 2919 1055 2968 Ecce
1065 2923 1091 2974 d,
1106 2949 1140 2958 -
1154 2889 1236 2972 linus
1249 2939 1298 2970 me-

229 3009 354 3072 morabile,
368 3007 426 3060 duo
438 3011 583 3066 eniserahile.
604 3010 707 3062 Simile
718 3011 813 3063 visum
825 3011 974 3080 Astyagis,
988 3014 1039 3078 qui,
1053 3022 1172 3081 auctore
1183 3012 1299 3065 Iustino

167 3101 171 3110 '
228 3099 258 3162 I,
270 3101 287 3164 4
297 3119 341 3164 per
351 3119 465 3152 somnum
475 3103 546 3166 vidit,
563 3103 667 3173 exsilia
678 3105 750 3152 vitem
762 3105 839 3166 nc.rci,
854 3106 925 3154 cuites
937 3106 1040 3171 palmite
1050 3107 1208 3158 curnisAsie
1216 3109 1300 3158 chum·

229 3192 348 3248 hrarrtur.
390 3193 436 3249 33.
463 3193 552 3269 Quat.
565 3206 718 3260 perterreret,
740 3211 844 3246 novem
857 3209 1020 3261 praetexeret
1063 3199 1107 3265 34,
1135 3199 1210 3252 Octo
1230 3221 1302 3264 noea,

230 3283 311 3354 quod
325 3284 367 3336 Hs
381 3302 456 3350 rec„
471 3285 567 3339 ceteri
580 3308 638 3343 sua.
683 3287 726 3343 36.
751 3288 825 3344 Edd.
842 3291 948 3358 quaed.
960 3313 977 3340 a
989 3293 1091 3348 nrom'tn,
1105 3323 1140 3332 -
1152 3293 1240 3344 Multi
1253 3313 1301 3359 pa·

229 3389 274 3443 vet,
287 3377 345 3431 (luo
356 3382 425 3444 salit,
439 3379 497 3434 cluo
512 3384 602 3447 tremit,
616 3401 667 3440 un.
678 3396 759 3436 vacat.
796 3385 839 3453 37.
859 3385 985 3436 Plurimi
995 3398 1102 3454 pugnat,
1117 3404 1167 3442 un.
1175 3380 1303 3456 pugnans.

230 3470 310 3528 Ptin.
326 3472 364 3529 Η,
379 3472 414 3530 Ν.
429 3473 469 3538 Χ,
487 3475 536 3540 18,
554 3493 596 3533 20.
620 3479 677 3530 Pici
694 3481 791 3530 Martio
806 3491 960 3550 cognomento
976 3481 1118 3549 irriguerat
1132 3481 1159 3530 in
1170 3482 1303 3548 auspicata

229 3569 325 3636 magni.
343 3565 382 3624 cf.
395 3566 431 3618 ud
441 3569 484 3634 54.
519 3573 563 3635 4ο.
578 3571 635 3627 ΠΗ.
648 3591 696 3622 sua
705 3575 785 3637 rerba,
802 3591 852 3624 un.
865 3589 900 3626 ex
914 3583 976 3644 opt.
991 3575 1139 3639 sataverb05
1158 3589 1195 3624 en
1210 3585 1269 3624 rate
1279 3591 1305 3648 νΦ

230 3647 378 3714 additlls.
426 3663 470 3728 44.
489 3663 564 3715 Tres
580 3683 627 3715 sua
644 3669 728 3735 sr'gna.
749 3697 782 3707 --
803 3667 877 3723 Edd.
893 3667 1000 3739 quaed.
1015 3669 1088 3738 signa
1100 3669 1167 3735 polo.
1189 3665 1237 3723 Cf.
1246 3667 1302 3733 IV,

198 3745 201 3750 ¹
229 3753 289 3810 088.
331 3755 376 3820 45.
401 3755 468 3807 Duo
482 3759 553 3821 Ilia,
575 3757 655 3826 quod
669 3758 718 3811 hic
737 3776 798 3811 non
812 3776 874 3816 rec.
885 3760 938 3818 Hs.
980 3762 1024 3828 46.
1049 3763 1106 3815 Un.
1122 3763 1304 3832 praeposuisse,

231 3846 276 3897 Cf.
288 3847 341 3914 Vl,
354 3849 416 3912 614.
428 3850 472 3902 De
481 3850 593 3903 Vestae
608 3851 768 3904 simulacro
781 3853 821 3910 cf,
830 3854 883 3918 Vl,
897 3855 954 3925 295.
974 3855 1101 3912 Pausan.
1112 3856 1304 3915 Corinthii&

230 3935 262 3994 ἐν
277 3941 324 4015 τῷ
340 3943 395 4010 τῆς
404 3938 527 4012 ἙσΊίας
546 3937 675 4019 ἄγαλμα
692 3939 746 4022 μέν
762 3941 844 4004 euleu
860 3943 969 4019 οὐδὲν,
989 3945 1088 4027 βωμὸς
1102 3945 1152 4022 δὲ,
1174 3949 1230 4009 καὶ
1243 3948 1304 4008 ἐπ’·
1354 4017 1358 4024 ,

231 4029 336 4088 αὐτοῦ
343 4031 607 4116 ἓύουσινἝσΊί-ᾳ.
656 4045 700 4102 50.
719 4045 774 4105 Ua.
786 4039 1129 4119 raptor‚-Multisratris,
1163 4051 1209 4112 51.
1227 4048 1302 4102 Tres

231 4149 264 4188 m.
275 4149 372 4197 pueros.
391 4132 490 4207 0411,
503 4134 563 4194 385.

1441 2273 1450 2526 l

1445 3515 1450 3590 t
