2876 4826
205 275 245 334 10
543 269 576 332 P.
594 265 736 334 OVIDII
756 267 935 334 NASONIS

285 451 367 526 Dic,
397 469 477 532 age,
508 448 692 529 frigoribus
714 471 817 535 quaro
839 473 943 517 novus
966 453 1084 538 incipit
1106 475 1217 534 annus,

207 561 264 622 150
327 557 394 650 Qui
414 551 531 618 meliu's
552 579 614 640 per
635 579 695 619 ver
718 559 926 643 incipiendus
950 561 1044 622 erat?
1128 557 1130 562 ’

202 719 205 724 ,
278 666 408 728 Omnia
434 667 512 728 tunc
538 664 677 740 florent,
705 677 783 726 tunc
811 679 862 728 est
888 688 972 731 nora
993 669 1154 751 temporis
1177 681 1278 746 aetas,

326 775 372 838 Et
389 793 473 836 nova
497 771 537 834 de
561 772 696 854 gravido
717 774 852 856 palmite
875 795 999 857 gemma
1020 789 1136 854 tumet,

190 906 192 913 '
286 885 329 942 Et
350 880 445 942 modo
467 879 617 940 formatis
637 881 790 962 operitur
811 882 985 942 frondibus
999 881 1116 960 arbos,

325 987 445 1049 Prodit
467 1001 501 1048 et
523 989 556 1048 in
578 1007 732 1049 summum
755 989 887 1070 seminis
910 987 1011 1049 herba
1034 991 1149 1066 solum,

207 1095 263 1158 155
285 1097 328 1156 Et
349 1093 498 1176 tepidum
518 1095 670 1159 volucres
692 1096 902 1158 concentibus
926 1101 1003 1158 adra
1025 1101 1179 1177 mulcent,

200 1196 202 1202 l
332 1203 435 1264 Ludit
458 1216 492 1264 et
513 1203 548 1263 in
569 1203 674 1285 pratis
696 1204 906 1287 luxuriatque
927 1225 1038 1288 pecus.

284 1315 368 1371 'l'um
390 1309 502 1370 blandi
525 1315 623 1388 soles,
648 1312 821 1394 ignotaque
844 1313 956 1395 prodit
978 1312 1133 1392 hirundo,

325 1422 369 1480 Et
390 1419 517 1480 luteum
539 1419 625 1478 celsa
648 1419 708 1478 sub
733 1419 826 1480 trabe
849 1418 944 1502 lingit
963 1443 1060 1503 opus.

285 1531 369 1588 Tum
390 1527 516 1609 patitur
538 1530 645 1588 cultus
667 1549 762 1606 ager,
786 1540 820 1589 et
842 1541 1021 1591 renovatur
1044 1544 1167 1597 aratro.

207 1637 263 1700 alto
325 1639 416 1697 Haec
437 1637 512 1696 anni
533 1633 660 1699 novitas
685 1635 759 1696 iure
781 1635 925 1698 vocanda
947 1636 1023 1696 tuit.

287 1741 503 1832 Quaesierunt
524 1743 655 1804 multiss
678 1764 744 1804 non
765 1744 877 1805 multis
900 1743 957 1804 ille
979 1758 1138 1822 moratus,

325 1849 472 1910 Contulit
495 1848 529 1908 in
551 1870 670 1914 versus
695 1851 743 1910 sic
767 1871 824 1910 sua
845 1851 948 1913 verba
972 1851 1073 1912 duos:

284 1960 407 2016 Bruma
433 1957 511 2019 novi
538 1955 645 2038 prima
674 1969 742 2030 est,
770 1957 960 2040 veterisque
988 1961 1160 2024 norissima
1187 1964 1278 2024 solis:

326 2063 533 2145 Principium
555 2063 689 2146 capiunt
709 2064 864 2126 Phoebus
888 2079 921 2126 ct
943 2088 1044 2127 annus
1067 2068 1165 2129 idem.

205 2173 264 2238 rb5
286 2174 367 2232 Post
389 2171 611 2246 comitabar,
635 2191 692 2230 cur
715 2191 780 2231 non
804 2171 874 2231 sinc
896 2172 1010 2234 litibus
1033 2184 1120 2238 'essct

326 2280 436 2340 Prima
460 2280 543 2340 dies.
588 2280 725 2340 Causam
746 2278 906 2360 percipe,
935 2283 1029 2341 lanus
1051 2283 1109 2342 ait.¹

287 2391 450 2470 Tempora
474 2386 616 2448 commisi
638 2386 807 2448 nascentia
828 2387 928 2446 rebus
953 2389 1094 2466 agendis,

328 2500 432 2557 Totus
457 2496 495 2556 ab
519 2494 664 2576 auspicio
688 2515 729 2554 ne
752 2493 843 2554 foret
865 2514 965 2554 atinus
986 2495 1086 2556 iners.

289 2603 435 2698 Quisque
460 2623 530 2664 suas
552 2615 639 2662 artes
661 2601 702 2662 ob
726 2600 813 2661 idom
836 2601 960 2662 delibat
982 2603 1116 2682 agendo,

212 2731 268 2792 ¹7⁰
331 2715 398 2771 Nec
420 2711 495 2794 plus
511 2703 611 2793 'quam
635 2707 768 2770 solitum
789 2707 988 2768 testificatur
1012 2730 1106 2792 opus.

210 2861 1288 2887 mm

270 2961 334 3039 v153.
354 2981 449 3038 Codd.
462 2982 542 3052 pler.
552 2982 714 3049 opensrond,
725 2978 806 3050 quod
821 2995 876 3050 ogo
891 2979 1019 3037 servavi.
1043 2981 1152 3034 Novom
1167 2987 1284 3035 amicitur

204 3079 303 3141 vitibus,
321 3076 451 3146 quost
464 3087 494 3128 et
503 3077 605 3129 Burm.
623 3091 684 3132 rec.
698 3083 829 3144 quatuor
838 3077 1109 3144 ultricium·frondibus,
1122 3109 1155 3116 -
1167 3079 1228 3131 Alii
1242 3100 1282 3128 ar-

204 3174 259 3236 bor,
282 3180 380 3228 nostr,
397 3187 431 3222 ex
449 3169 567 3224 melior.
581 3169 623 3220 Hs
638 3184 698 3224 rec.
741 3169 800 3232 154.
819 3167 1019 3238 Urugrumim's.
1060 3171 1117 3226 155.
1137 3170 1204 3224 Duo
1219 3192 1283 3223 com·

201 3267 278 3332 plant,
299 3280 350 3329 un.
363 3266 476 3319 iniecerat,
513 3261 571 3316 158.
589 3261 774 3332 lllultifingit,
788 3262 869 3331 quod
878 3263 918 3314 Hs
930 3281 991 3320 rec,
1004 3264 1129 3336 aliinfigit
1141 3276 1190 3319 urit
1200 3271 1283 3324 nectit,

205 3356 284 3436 Quid
300 3357 472 3420 verumsit‚
495 3355 620 3407 difficile
639 3365 684 3407 est
702 3354 795 3412 dictu.
845 3359 903 3428 ¹59·
927 3359 994 3410 Duo
1014 3363 1118 3419 arando,
1144 3361 1186 3414 Hs
1207 3379 1281 3413 mar.

208 3457 280 3505 Tunc
300 3455 396 3504 cultum
416 3454 526 3513 potietur
548 3471 607 3520 ager
627 3463 755 3504 renovatus
776 3463 869 3503 aratro.
919 3451 977 3510 165.
1005 3453 1047 3505 Hs
1069 3469 1145 3510 mav.
1163 3458 1281 3514 scitabar,

206 3550 263 3618 169.
283 3547 373 3600 Multi
388 3549 492 3611 ibidem,
511 3545 564 3596 alil
576 3547 605 3596 ob
623 3547 663 3611 id,
681 3548 765 3610 obz'de,
785 3549 859 3612 inibi,
881 3565 933 3602 un.
952 3549 1037 3604 obiter,
1056 3547 1097 3600 Hs
1111 3563 1186 3604 mat.
1200 3551 1249 3600 obit
1260 3561 1285 3599 et

203 3653 253 3696 aut
267 3646 358 3706 obiter,
383 3639 465 3711 quod
476 3641 577 3697 Burm.
596 3640 753 3711 praefert,
771 3641 883 3694 mavult
897 3652 996 3694 tamon
1011 3655 1095 3710 partas
1111 3646 1196 3695 obiter.
1224 3644 1282 3702 Un.

204 3736 282 3789 enim
294 3735 385 3788 habet
395 3746 489 3801 partes.
507 3765 542 3774 -
558 3735 616 3792 Un.
625 3738 756 3803 praelibat,
769 3765 804 3775 -
819 3735 935 3796 Colum.
949 3738 983 3788 R.
994 3739 1028 3795 R,
1043 3739 1092 3803 xl,
1106 3757 1132 3804 o,
1143 3740 1185 3810 98.
1206 3738 1283 3808 Ipsis

205 3829 268 3886 Cal.
283 3829 345 3888 Ian.
358 3826 533 3898 auspicandi
544 3843 632 3881 causa
647 3847 732 3882 omne
744 3846 836 3900 genus
851 3830 954 3900 operis
968 3831 1149 3890 instaurant.
1171 3832 1284 3885 Seneca

202 3921 299 3993 Epist.
313 3922 348 3976 83
361 3921 397 3974 dc
409 3938 451 3987 so,
470 3921 534 3980 Cal.
545 3922 607 3980 lan.
619 3924 866 3996 quomadmodum
878 3925 993 3995 legero,
1012 3925 1160 3992 scribere,
1178 3927 1281 3980 dicero

205 4015 336 4085 aliquid,
359 4015 403 4068 sic
419 4017 597 4088 auspicabar
614 4015 645 4068 in
657 4018 816 4091 Virginem
838 4023 979 4090 (aquam)
1004 4019 1144 4079 desilire.
1170 4019 1216 4078 cf.
1234 4021 1282 4072 Li·
1317 4045 1321 4056 ι

203 4109 288 4182 psius
300 4111 337 4163 ad
350 4110 445 4170 Tacit.
456 4112 491 4170 A.
504 4111 557 4180 lV,
571 4110 615 4178 36,
629 4128 652 4170 a.
