2914 4836
221 261 282 328 218
558 260 595 320 P.
618 259 758 328 OVIDII
779 259 956 323 Nasonis

305 439 442 504 Addidit
463 453 497 501 et
520 461 659 502 eausam.
700 441 823 505 Verbis
846 443 975 504 solabar
998 443 1119 504 anticio.

343 553 431 626 Nou,
455 548 580 631 inquit,
602 547 714 611 verbis
740 567 819 608 eura
840 549 976 614 levanda
997 569 1067 610 mea
1090 549 1148 612 est'.

304 655 339 717 Si
361 668 457 738 pater
480 669 532 716 est
554 655 662 718 faetus
683 659 839 737 negleeto
861 657 1009 736 coniugis
1029 674 1088 716 usu

223 772 282 838 ο4ο
345 763 513 847 luppiter,
537 776 570 824 et
592 763 680 823 solus
701 783 820 824 nomen
840 776 1015 847 utromque
1037 773 1148 840 τενεῖς

306 872 374 932 Cur
395 891 455 949 ego
477 869 651 952 desperem
673 869 748 930 fieri
771 871 842 932 sine
864 870 1003 952 coniuge
1024 880 1141 944 mater,

345 979 389 1036 Et
410 996 529 1058 parere
552 977 693 1054 intacto,
717 977 887 1039 dummodo
910 989 1017 1052 easta,
1040 974 1139 1038 viro?

309 1083 427 1144 Omnia
448 1082 582 1145 tentabo
604 1083 680 1146 latis
702 1085 914 1146 medicamina
935 1084 1051 1160 terris,

347 1192 391 1251 Et
412 1189 499 1250 treta
521 1193 699 1251 ''I'artareos
720 1191 945 1274 excutiamque
969 1191 1067 1253 sinus.

228 1297 286 1371 245
308 1297 381 1364 Vox
403 1308 475 1356 erat
497 1295 531 1356 in
554 1317 670 1358 eursu:
700 1303 826 1362 vultum
847 1299 1027 1360 dubitantis
1049 1297 1216 1360 habebam.

348 1403 468 1465 Nescio
491 1403 586 1485 quid,
608 1405 771 1487 Nympha,
794 1424 890 1488 posse
911 1405 1058 1483 videris,
1082 1403 1137 1468 ait.

307 1512 376 1571 Ter
397 1509 487 1574 volui
509 1511 707 1592 promittere
729 1533 842 1594 opem,
870 1525 924 1574 ter
946 1512 1059 1594 lingua
1080 1519 1209 1571 retente
1233 1519 1299 1570 est:

347 1619 400 1678 Ira
423 1617 510 1680 lovis
531 1623 636 1698 magni
660 1638 756 1678 eausa
777 1619 908 1680 timoris
931 1631 1019 1682 erat.=

307 1726 391 1802 Fer,
414 1746 553 1808 precor,
577 1725 748 1802 auxilium,
773 1725 874 1804 dixit3
898 1725 1059 1788 celabitur
1082 1738 1217 1787 auctor:

227 1832 287 1894 250
349 1833 392 1891 Et
415 1831 547 1912 Stygiae
568 1852 688 1894 numen
710 1833 907 1894 testificetur
928 1854 1040 1916 aquae.

309 1936 407 2028 Quod
428 1938 534 2020 petis,
557 1939 706 2016 Oleniis,
737 1940 885 2022 inquam,
915 1943 993 2002 mihi
1014 1941 1127 2002 missus
1150 1939 1189 2000 eb
1213 1937 1300 2004 arvis

281 2120 284 2126 .
347 2044 426 2105 Flos
449 2043 550 2109 dabit.
591 2050 650 2110 Est
671 2049 778 2110 hortis
799 2049 913 2110 unicus
935 2051 993 2110 ille
1014 2050 1106 2112 meis.

279 2278 339 2349 237.
357 2279 424 2332 Duo
434 2281 523 2333 Edidit
534 2313 565 2322 -
580 2283 637 2336 Un.
652 2283 814 2344 oxmelior.
825 2305 923 2342 causas.
962 2287 1022 2351 ο4ο.
1040 2283 1207 2347 Πη,ηαιηειι,·
1226 2281 1302 2332 elius

228 2393 315 2426 noman
326 2377 402 2440 solus,
418 2375 610 2444 quodBurm.
618 2378 733 2448 primus
746 2378 837 2430 tacite
856 2395 919 2434 reo.
943 2377 1007 2448 Ego
1020 2385 1153 2428 veterem
1167 2373 1301 2426 ordinem

229 2466 357 2524 servavi.
393 2472 452 2534 241.
472 2469 548 2522 Octo
562 2486 596 2522 ex
608 2470 729 2523 melior.
743 2471 863 2536 dedierim,
878 2481 941 2524 tres
951 2471 1106 2538 despicerem.
1125 2468 1168 2520 Hs
1181 2471 1303 2522 marde-

227 2563 344 2628 spuerim,
357 2561 406 2614 vel
416 2562 519 2632 potius
529 2565 670 2631 respuuim.
706 2566 766 2630 uin.
784 2563 951 2634 Diiringius
965 2563 1109 2634 inEclog.
1120 2571 1203 2632 poet.
1215 2580 1245 2632 p.
1258 2563 1302 2628 44,

229 2664 263 2708 ut
279 2654 471 2708 insolentiam
483 2657 632 2710 orationis
648 2657 785 2721 tolleret,
802 2657 861 2728 leg.
878 2661 1008 2714 intactam.
1019 2685 1053 2697 -
1069 2657 1126 2712 Un.
1140 2653 1210 2711 mel.
1226 2665 1305 2720 casta,

228 2751 297 2807 Iove.
351 2749 495 2818 ο43,1)ιεο
516 2753 680 2822 optionis,
711 2751 765 2808 elii
781 2750 839 2804 duo
856 2761 918 2824 opt.
939 2752 1032 2809 Latii’s.
1082 2751 1142 2818 ε44,
1169 2749 1304 2825 Sexdeos.

148 2887 151 2892 .
229 2843 289 2909 245.
308 2841 354 2895 ef.
370 2841 502 2909 Vmor.
557 2843 616 2911 246.
634 2845 722 2922 Quat.
737 2854 766 2898 et
781 2843 848 2898 edd.
864 2845 971 2916 quaed.
984 2847 1046 2898 seira
1062 2847 1114 2904 rid,
1165 2845 1224 2902 250.
1243 2839 1305 2895 Alii

229 2957 323 2994 nomen.
351 2937 425 2990 Tres
437 2948 499 3008 opt.
508 2945 538 2990 et
548 2947 628 3008 quat.
640 2937 679 2995 al,
688 2939 845 3010 testificatur,
854 2943 933 3008 quod
939 2941 981 2993 Hs
991 2957 1064 3007 ree„
1077 2949 1136 2993 oet·
1148 2939 1304 3011 testificabor.

231 3031 278 3085 cf.
295 3030 346 3096 111,
361 3031 422 3088 don.
445 3031 588 3108 Quisquis
602 3030 727 3084 deorum
743 3048 799 3102 per
817 3031 936 3104 Stygem
951 3031 1117 3103 peierevit,
1136 3033 1161 3084 is
1181 3039 1305 3082 auctore

228 3122 352 3178 Hosiod.
367 3119 549 3193 Thoogss7q5.
569 3113 683 3171 Κεῐταε
697 3113 835 3194 νήϋτμος
851 3113 1073 3196 τετελεσμένον
1090 3118 1131 3190 εἰς
1145 3109 1305 3177 ἐνιαυτόν·

229 3209 312 3274 Οὐδὲ
329 3211 577 3298 ποτ’ἀμβροσίης
588 3210 641 3270 καὶ
651 3209 790 3298 νέκλαρος
801 3209 929 3300 ἔρχεται
942 3211 1047 3277 ἆσσον
1056 3213 1204 3300 Epirotes,
1221 3205 1306 3270 ἀλλά

229 3333 265 3372 τε
275 3319 377 3370 κεῖται
393 3307 609 3384 ἀνάπνεοσλος
619 3309 672 3369 καὶ
686 3304 824 3386 ἄναυδος
835 3311 988 3396 Σλρωτοῑς
1004 3313 1036 3374 ἐν
1046 3309 1197 3396 λεχεέσσε,
1211 3307 1308 3372 κακὸν

228 3409 313 3470 ’δ’ἐπὶ
327 3416 416 3484 κῶμα
432 3407 588 3470 καλύπλει.
618 3404 731 3492 Αὐτὰρ
750 3407 825 3480 ἐπὴν
843 3415 960 3472 νοῦσον
970 3404 1081 3492 τελέοῃ
1093 3406 1191 3488 μέγαν
1204 3405 1244 3477 εἰς
1254 3403 1308 3465 ἐνι-

229 3502 341 3579 αυτόν,
351 3501 467 3578 ’Ἄλλος
478 3503 539 3576 δ’ἐξ
551 3497 652 3563 ἄλλον
664 3499 791 3584 δέχεται
803 3501 1036 3585 χαλεπώτατος
1052 3499 1161 3577 ἆθλος.
1189 3496 1310 3562 ’Evado-

225 3625 280 3674 ,τες
298 3599 331 3662 δὲ
347 3601 428 3661 θεῶν
443 3599 650 3686 ἀπομείρεται
668 3597 735 3661 αἰὲν
751 3597 876 3674 ἐόντων,
892 3598 974 3661 Οὐδὲ
984 3604 1060 3662 ποτ’
1072 3603 1100 3676 ἐς
1116 3598 1231 3681 βουλὴν
1247 3599 1310 3661 ἐπι·

227 3701 388 3782 μίσγεται,
409 3696 467 3758 οὐδ
485 3697 537 3759 ἐπὶ
558 3697 691 3770 δαῖτας,
718 3695 806 3761 ἐννέα
826 3695 924 3761 πάντ)
947 3695 1042 3760 ἔτεα·
1070 3697 1190 3780 δεκάτῳ
1208 3699 1235 3758 δ’
1246 3698 1310 3758 ἐπι·

228 3800 378 3881 μίσγεταε
393 3791 485 3869 αὖτις
501 3792 611 3882 Εῗοαες
627 3795 822 3871 ἀθανάταν,
840 3793 872 3858 οἳ
879 3797 1041 3878 Ὀλύμπια
1056 3797 1175 3877 δώματ’
1190 3791 1309 3878 ἔχουσι.

230 3903 292 3959 251.
315 3901 372 3980 Ὁτι.
388 3915 422 3951 ex
436 3908 501 3969 opt.
518 3907 549 3951 et
566 3897 643 3950 elius
662 3899 707 3950 boc
717 3901 812 3950 Geo‘cis
823 3931 857 3940 -
872 3901 999 3978 Quidam
1013 3900 1102 3954 etiam
1114 3900 1182 3955 mol.
1192 3903 1239 3951 tibi
1253 3901 1309 3951 mis·

229 3991 468 4066 susquedssiof.
481 3991 571 4064 plac„
586 4009 639 4050 un.
653 4011 728 4062 παρετ
738 3994 802 4048 miii
811 4013 857 4060 nu,
874 3993 950 4050 alius
967 4011 1000 4048 ex
1014 4005 1077 4064 opt.
1090 3998 1186 4054 messis.
1208 4026 1240 4036 --
1255 3993 1309 4050 Un.

223 4087 308 4156 egris,
322 4083 397 4139 alius
414 4085 475 4151 aris,
488 4083 540 4139 alii
556 4086 615 4140 orit.
