2876 4826
544 285 581 342 P·
602 281 740 348 OVlDll
761 275 940 340 NASONIS

289 475 338 533 Da
360 469 437 530 mihi
464 479 498 528 te
528 463 709 548 placidum,
746 458 878 520 dederis
905 457 939 516 in
967 453 1111 516 carmina
1140 451 1266 536 vires„

329 575 498 660 Ingenium
520 573 614 635 vultu
636 581 765 650 statque
789 564 939 645 caditque
962 573 1030 623 tuo.
1077 555 1079 562 ’

288 689 411 766 Pagina
433 679 592 744 iudicium
615 679 702 738 docti
725 671 876 735 subitura
898 682 1051 734 mouetur

206 816 244 860 eo
328 791 514 873 Principis,
535 800 574 848 ut
594 785 707 848 Clario
728 781 827 842 missa
849 777 986 858 legenda
1010 777 1083 838 deo.

289 903 381 992 Quae
405 901 448 960 sit
470 897 557 958 e‘nim
581 892 660 954 culti
682 872 833 951 facundia
855 886 1010 947 sensimus
1034 883 1115 960 oris,

328 1006 441 1070 Civica
460 1025 524 1087 pro
546 999 695 1083 trepidis
709 1017 807 1079 quum
828 995 905 1054 tulit
927 1014 1016 1078 arina
1037 992 1117 1055 reis.

287 1115 414 1178 Scimus
444 1124 497 1188 et,
527 1109 567 1168 ad
587 1120 712 1168 nostres
735 1125 834 1187 quum
860 1121 893 1162 se
916 1100 994 1161 tulit
1016 1099 1157 1180 impetus
1181 1109 1286 1174 artes,

328 1219 456 1303 Ingenii
479 1228 615 1279 currant
636 1212 767 1273 llumina
785 1221 904 1292 qsranta
925 1206 984 1268 tui.

208 1335 246 1399 25
290 1332 325 1392 Si
348 1329 429 1389 licet
452 1338 485 1386 et
508 1325 556 1384 l'as
579 1335 644 1395 est,
668 1331 757 1382 vates
779 1336 859 1398 rege
882 1315 966 1380 vatis
988 1313 1143 1391 habenas,

328 1435 473 1518 Auspice
496 1445 529 1494 te
550 1429 634 1492 felix
655 1439 746 1488 totus
769 1437 805 1485 ut
828 1443 928 1484 annus
951 1435 1014 1486 eat.

288 1659 452 1737 Tempora
478 1650 648 1730 digereret
671 1665 770 1728 quum
794 1641 947 1703 conditor
970 1637 1078 1714 urbis,
1102 1636 1135 1696 in
1159 1655 1240 1696 anno

329 1759 508 1825 Constituit
532 1773 658 1816 menses
681 1754 825 1834 quinque
847 1750 899 1808 bis
922 1767 995 1808 esse
1016 1765 1086 1807 suo.

287 1871 427 1934 Scilicet
449 1887 537 1952 arma
558 1861 679 1942 magis,
708 1879 803 1940 quam
831 1855 958 1931 sidera,
988 1853 1145 1929 Romule,
1173 1867 1285 1928 noras,

205 1983 245 2045 30
328 1980 480 2057 Curaque
501 1953 658 2030 finitimos
678 1967 813 2031 vincere
834 1963 939 2024 maior
963 1975 1045 2023 erat.

288 2090 346 2147 Est
368 2097 476 2144 tamen
499 2093 532 2140 et
554 2078 661 2164 111111),
678 2079 821 2151 Caesar,
846 2093 928 2156 quae
952 2070 1094 2133 moverit
1116 2069 1221 2145 illum,

328 2194 555 2268 Erroremque
579 2205 671 2245 suum
695 2203 759 2265 quo
783 2193 933 2254 tueatur,
956 2177 1066 2240 habet.

288 2297 387 2392 Quod
413 2295 487 2359 satie
516 2304 586 2368 est,
622 2303 720 2352 utero
748 2289 861 2348 matris
890 2279 965 2346 dum
993 2283 1132 2366 prodeat
1162 2280 1286 2357 infans,

315 2408 399 2466 -Hoc
421 2421 503 2464 anno
527 2399 643 2462 statuit
663 2398 824 2480 temporis
846 2415 919 2455 esse
934 2393 1033 2453 satis.

205 2517 244 2582 35
285 2517 353 2573 Per
375 2509 515 2572 totidem
535 2525 663 2568 menses
684 2527 701 2566 a
723 2504 842 2564 lisnere
866 2501 1017 2580 coniugis
1040 2515 1121 2558 uror

327 2616 473 2680 Sustinet
494 2616 528 2675 in
549 2615 647 2680 vidua
668 2612 780 2674 tristia
801 2611 888 2690 signa
911 2608 1016 2670 dome.

286 2731 358 2788 Hoc
378 2725 481 2806 igitur
504 2723 588 2788 vidit
609 2719 752 2782 trabeati
776 2739 855 2780 cura
878 2714 1021 2801 Quirini,

328 2833 438 2927 Quum
458 2831 596 2892 rudibus
619 2829 751 2913 populis
774 2848 878 2887 annua
900 2825 974 2884 iura
996 2824 1101 2882 deret.

204 2955 1288 2990 Μ

251 3057 291 3106 17.
302 3033 655 3110 Aliidederisque.-Quat.
665 3036 782 3084 carmina.
805 3032 843 3088 18.
855 3031 896 3082 Hs
905 3045 977 3084 mov.
986 3039 1144 3097 nutiuutpo.
1153 3026 1285 3084 Strabot

203 3121 272 3208 Πρὸ
284 3124 381 3192 αὐτῆς
398 3127 497 3196 (urbis
509 3125 707 3196 Colophonis)
727 3111 826 3188 ἄλσος
841 3122 902 3174 τοῦ
919 3111 1060 3198 Κλαρίου
1075 3111 1289 3187 Ἀπόλλωνος,

205 3219 238 3280 ἐν
249 3213 275 3296 qi
280 3215 333 3274 καὶ
344 3223 493 3292 μαντεῖον
503 3209 539 3282 ἦν
546 3233 627 3271 ποτε
637 3209 786 3273 παλαιόν.
823 3237 864 3277 21.
882 3219 939 3274 Un.
953 3219 1028 3272 docti.
1064 3232 1106 3273 aa.
1122 3215 1167 3266 Ab
1177 3214 1289 3272 Horat.

205 3311 263 3370 Od.
279 3310 318 3376 ΙΙ,
339 3329 364 3375 1,
385 3309 414 3361 13
430 3307 552 3360 Asinius
569 3305 670 3358 Pollio
686 3315 812 3359 vocatur
827 3309 933 3376 Insigne
951 3306 1052 3356 incestis
1064 3304 1217 3370 praesidium
1229 3303 1289 3360 reis,
1362 3339 1364 3346 ,

204 3400 317 3451 Noster
329 3395 364 3448 de
374 3395 471 3447 fratre
481 3409 535 3445 suo
544 3391 642 3448 Trist.
650 3391 703 3456 IV,
717 3410 758 3458 1ο,
771 3393 898 3461 18.fhrtia
910 3393 1007 3442 verbosi
1013 3402 1087 3440 natus
1096 3391 1132 3438 ad
1141 3387 1290 3455 ormafori,

204 3485 245 3544 23,
257 3481 357 3545 Cf.Vl‚
365 3480 392 3537 6,
402 3480 462 3532 Pro
473 3482 569 3530 Scimus
577 3490 599 3527 et
607 3477 649 3528 Hs
661 3478 740 3536 coni.
748 3483 881 3534 Sensimus.
907 3478 949 3532 25.
959 3475 1085 3528 Plurimi
1095 3476 1230 3526 Scilicet-
1236 3471 1289 3528 Al.

204 3583 232 3622 ut
232 3570 295 3638 fis.
326 3568 370 3624 so.
384 3566 445 3619 Alii
455 3565 583 3631 Auspicio
586 3565 629 3631 f.,
640 3565 721 3634 qnod
733 3566 871 3636 praefert
884 3565 986 3619 Bentl.
1003 3564 1079 3618 Hor.
1091 3560 1148 3617 0d.
1158 3561 1182 3626 1,
1195 3579 1223 3626 7,
1233 3577 1285 3629 273

206 3655 384 3723 eliiAspicito
392 3661 443 3704 eut
451 3653 548 3719 Aspice
557 3662 589 3707 te,
612 3667 655 3719 27.
664 3651 721 3706 Un.
732 3668 766 3702 ex
775 3662 838 3722 opt.
848 3663 878 3704 et
887 3651 945 3703 duo
958 3651 1009 3702 alii
1019 3653 1045 3700 in
1054 3667 1158 3704 annum,
1176 3647 1218 3702 28.
1227 3645 1288 3702 Un.

204 3761 288 3807 suum,
298 3741 375 3792 elius
384 3755 418 3791 ex
427 3747 492 3809 opt.
501 3756 568 3788 suos.
597 3736 641 3791 32.
653 3737 709 3794 Un.
721 3739 797 3801 tabe,
811 3736 892 3807 quod
907 3736 949 3789 Hs
967 3736 1078 3807 placet.
1096 3733 1153 3784 Vir
1165 3730 1288 3803 quidam

204 3827 269 3880 vult
280 3829 366 3882 dobes.
403 3824 446 3880 35.
469 3823 577 3878 Senes,
590 3821 679 3874 Cous¹
694 3821 878 3878 adHelv.16.
892 3825 1003 3874 Maiores
1012 3827 1092 3874 docem
1101 3821 1221 3870 mensium
1228 3836 1290 3884 spa·

203 3914 268 3984 tium
284 3913 423 3982 lugentibus
438 3911 503 3960 uiros
518 3910 646 3962 dederunt,
680 3909 723 3976 37,
737 3907 787 3963 Al.
798 3911 872 3959 Haec
884 3918 935 3960 ant
947 3911 1014 3963 Hec.
1028 3905 1119 3958 Multi
1127 3907 1194 3968 Hoc,
1208 3901 1290 3973 quod

204 3999 259 4053 Hs.
275 4013 339 4054 rec.
350 4027 384 4036 »-
401 3996 459 4066 up.
475 3994 564 4064 Virg.
582 3993 618 4049 A.
633 3993 705 4058 Vll,
724 3993 772 4048 188
786 3992 886 4061 Picus,
907 4011 959 4046 rex
970 3992 1075 4046 ltaliae
1086 3992 1216 4062 Quirinali
1226 3991 1288 4040 lituo

109 4119 119 4143 a
202 4101 326 4156 paruoque
336 4084 434 4134 sedehat
445 4085 584 4133 succinctus
595 4082 689 4138 trabea,
