2906 4836
224 283 283 348 118
561 280 597 364 r.
622 279 760 346 ovum
779 279 957 341 ursolus

307 463 374 524 Nec
398 461 490 522 timui
514 459 554 522 dc
576 472 681 520 morte
704 473 829 520 tamen:
859 471 965 520 metus
990 459 1094 522 abluit
1118 461 1194 524 iste.

346 568 411 628 Hei
432 567 531 628 mihi!
555 565 710 628 credibili
734 566 857 628 fortior
878 567 936 626 illa
957 565 1034 629 suit.

304 678 351 736 Ne
374 673 478 739 refer.
519 673 663 756 Adspexi
685 693 751 734 non
772 673 831 734 illo
853 681 991 756 pectore
1014 671 1109 752 digua

226 784 284 844 lino
347 781 510 857 Vulnera,
534 782 710 840 Tartareas
733 798 829 840 ausus
851 779 945 840 edire
969 777 1092 842 domos.

305 891 348 948 At
370 900 422 962 tu,
446 907 502 948 seu
526 886 612 947 ratio
634 898 668 946 te
690 887 813 946 nostris
837 885 965 969 appulit
990 886 1069 961 oris,

346 994 423 1058 Sive
446 994 544 1068 deus,
567 992 663 1073 regni
687 991 851 1053 commodo
873 1011 976 1080 carpe
996 993 1072 1055 mei.

305 1101 407 1161 Multa
429 1101 492 1160 tibi
513 1120 693 1174 memores,
716 1101 763 1159 nil
786 1121 849 1160 non
872 1100 1028 1162 debemus
1051 1099 1187 1164 Elissae.

346 1207 491 1268 Nomine
514 1219 606 1288 gratu
627 1218 703 1281 tuo,
727 1219 816 1284 gratu
838 1207 977 1284 sororis,
1001 1208 1097 1273 eris.'

226 1315 284 1380 {³25
306 1314 399 1375 Talia
428 1313 549 1373 dicenti
578 1347 618 1361 -
644 1332 751 1394 neque
782 1314 867 1373 enim
897 1334 972 1396 spes
1000 1315 1105 1376 altera
1133 1325 1237 1376 restat
1259 1347 1301 1365 -·

347 1419 516 1496 Credidit,
540 1437 674 1479 errores
696 1419 915 1502 exposuitque
940 1441 1028 1483 suos.

306 1529 413 1610 thue
437 1528 565 1588 domum
588 1525 725 1589 intravit
747 1525 865 1606 Tyrios
888 1527 1002 1590 induta
1024 1542 1170 1613 paratus,

284 1614 287 1620 ¹
346 1633 465 1716 Incipit
486 1636 633 1694 Aeneas:
656 1667 698 1679 -·
721 1645 836 1693 cetera
857 1634 955 1696 turba
978 1636 1056 1696 silet
1077 1673 1118 1684 -

243 1797 248 1804 .
303 1742 395 1801 Hanc
422 1741 485 1802 tibi
517 1760 573 1800 cur
604 1739 747 1815 tradam,
782 1741 836 1822 piu
865 1761 979 1818 causa,
1008 1743 1142 1808 Lavinia
1172 1743 1300 1823 coniux,

225 1849 284 1912 630
346 1851 407 1907 Est
429 1847 528 1906 mihi:
553 1850 739 1930 consumpsi
760 1848 938 1931 naufragus
960 1850 1055 1910 huius
1079 1870 1168 1933 opes.

306 1953 389 2015 Ortn
412 1957 499 2034 Tyro
522 1974 661 2036 regnum
682 1953 802 2034 Libyca
823 1956 975 2037 possedit
996 1957 1031 2018 in
1053 1978 1128 2019 ora:
1207 1957 1210 1965 ’

348 2061 452 2152 Quam
473 2080 596 2144 precor
618 2073 654 2122 ut
678 2081 774 2122 carue
795 2083 888 2124 more
912 2065 1037 2126 sororis
1060 2086 1157 2130 ames.

265 2245 271 2251 .
303 2167 422 2230 Omnia
442 2167 628 2251 promittit,
650 2167 834 2250 falsumque
855 2171 993 2235 Lavinia
1014 2174 1131 2236 vulnus

344 2277 453 2337 Mente
477 2275 603 2358 premit
624 2275 741 2352 tacita,
766 2275 1009 2362 dissimulatque
1032 2280 1196 2354 fremens3

287 2639 348 2696 618.
370 2640 484 2711 Optimi
494 2642 530 2693 Εἰ
540 2644 620 2694 milri!
629 2674 661 2684 -—
671 2647 738 2700 Duo
748 2651 845 2704 certior,
855 2679 887 2687 —
900 2649 1027 2711 credibili,
1039 2656 1072 2700 ut
1081 2645 1176 2699 Trist.
1185 2641 1210 2707 l,
1219 2641 1247 2706 5,
1257 2643 1302 2710 [19.

218 2724 351 2792 Multaque
365 2728 476 2779 credibili
493 2729 596 2780 tulimus
611 2731 715 2782 maiora.
746 2730 819 2788 Her.
836 2730 920 2793 XVI,
941 2731 997 2796 143,
1013 2732 1092 2780 minor
1108 2739 1144 2777 est
1165 2737 1211 2776 tua
1222 2727 1305 2795 gloria

217 2827 281 2866 vero.
316 2809 377 2879 619.
397 2811 506 2864 Plures
515 2813 636 2871 melior.
642 2829 752 2882 pretore,
766 2815 848 2886 quod
860 2813 902 2867 Hs
918 2831 978 2866 rec.
991 2852 999 2880 ,
1014 2812 1111 2867 celeri
1124 2830 1230 2878 corpore.
1248 2807 1303 2861 No·

219 2901 283 2944 ster
291 2893 456 2964 Virgilium
467 2897 620 2967 sequitur,
632 2899 685 2967 qui
696 2901 732 2955 A.
740 2899 792 2955 Vl.
801 2898 981 2951 Aenoarnud
990 2897 1110 2950 lusuros
1120 2894 1304 2948 descenden-

218 2983 278 3025 tem
293 2993 419 3048 cumque
437 2979 557 3031 Didone
575 2979 799 3050 colloquentem
813 2980 969 3048 (vulco)
983 2981 1067 3036 facit.
1086 2979 1187 3030 Aliter
1197 2975 1301 3041 Silius,

217 3060 317 3110 omniu
328 3063 445 3113 sororis
467 3061 547 3112 facta
565 3063 685 3114 Aeneae
702 3065 831 3133 primum
852 3075 1005 3120 renarrat.
1057 3064 1117 3119 on.
1146 3060 1300 3132 npvirg.

216 3141 253 3194 A,
265 3141 328 3205 Vll,
347 3145 406 3198 216.
424 3144 557 3196 llioncus
577 3144 613 3196 ub
631 3149 732 3198 Aenea
750 3146 788 3198 ad
803 3146 944 3200 Latinum
958 3147 1066 3200 missus
1079 3143 1303 3217 quaeruutilm·

217 3223 291 3286 tino,
307 3225 379 3293 quid
395 3226 426 3278 in
442 3227 561 3280 Latium
575 3229 933 3300 venissent,resp011dit:
956 3231 1065 3284 Consilio
1078 3232 1144 3280 hanc
1156 3245 1237 3279 omnes
1248 3228 1303 3275 arri·

217 3313 312 3375 tuisque
323 3312 459 3364 nolentibus
468 3312 712 3382 urbemAfferiruur,
727 3315 834 3367 Horat.
846 3314 909 3372 Sat.
920 3317 943 3380 I,
957 3335 981 3381 1,
996 3335 1020 3371 1.
1044 3316 1097 3384 Qui
1095 3315 1149 3386 stt,
1162 3315 1304 3372 Maecenas,

217 3406 243 3443 nt
256 3413 334 3459 nemo,
349 3414 424 3462 quum
439 3399 489 3448 sibi
499 3410 587 3450 sortem
605 3402 652 3450 Seu
668 3402 732 3450 ratio
745 3401 853 3464 dederit,
866 3399 973 3466 srufirrs
984 3400 1105 3472 obiecerit,
1115 3399 1159 3447 itta
1171 3397 1305 3446 Contentus

215 3483 289 3537 rarat,
326 3480 387 3537 622.
406 3481 466 3537 Un.
480 3501 559 3541 suuis,
602 3483 663 3540 623.
686 3484 775 3562 Quat.
787 3484 894 3532 multum
906 3483 959 3538 deb.
996 3483 1056 3551 627.
1076 3480 1188 3532 Noster
1197 3477 1238 3532 M.
1249 3475 1303 3537 VI,

215 3567 276 3630 45].
295 3570 391 3636 Μοέηο
403 3565 623 3619 diresPdilomela
633 3579 738 3634 paratu,
754 3569 868 3620 Divitior
867 3565 973 3633 formo.
1002 3563 1105 3617 Tulem
1116 3559 1244 3613 Didonis
1254 3573 1304 3627 pa·

215 3661 313 3702 rutum
324 3650 568 3722 describitVirg.
579 3651 678 3718 MV,
692 3651 748 3721 137.
770 3652 899 3703 Sidoniam
911 3650 978 3718 picto
984 3649 1142 3714 chlamydem
1150 3645 1306 3696 circumdata

214 3735 287 3786 limbo
297 3765 331 3774 -
344 3739 422 3788 crines
435 3739 558 3787 truduntur
569 3737 595 3786 in
607 3754 711 3800 aurum5
725 3734 818 3786 Aurea
825 3731 1197 3802 purpureamsubneotitfihula
1205 3736 1305 3781 uestem.

214 3819 275 3875 031.
289 3817 364 3876 Edd.
380 3819 487 3891 quaed.
511 3821 580 3885 Tyro
593 3831 639 3876 est.
675 3818 737 3874 633.
756 3817 823 3871 Duo
840 3818 1000 3881 tacitumque,
1016 3833 1067 3872 uu,
1085 3822 1244 3880 captumque.
1260 3807 1305 3860 Hs

215 3903 294 3960 coni,
309 3915 468 3971 curatumque.
503 3901 592 3972 Virg.
612 3903 649 3959 A.
667 3901 698 3966 I,
716 3899 761 3956 36.
794 3904 863 3954 Iuno
880 3911 1008 3951 aeternum
1029 3915 1128 3951 servans
1146 3896 1192 3947 rud
1210 3903 1306 3961 pectora

213 3987 312 4042 uulnus.
331 3987 374 4044 ll).
386 3987 439 4054 IV,
454 3985 498 4057 67.
517 3997 540 4038 et
551 3988 655 4040 tacitum
670 3987 730 4040 vivit
740 3985 786 4036 sub
797 3997 894 4053 pertore
902 3983 1001 4038 vulnus.
1021 3979 1066 4036 lh.
1079 3977 1134 4045 IV,
1143 3977 1207 4034 332·
1218 3990 1305 4028 curam

214 4069 259 4122 snb
271 4073 339 4120 corde
347 4074 484 4138 premebat.
530 4069 591 4137 634.
616 4069 674 4124 Un.
688 4069 753 4140 gerit
767 4079 816 4126 tac.
829 4098 863 4116 -ι
879 4067 1001 4138 Septem
1015 4061 1211 4134 opltfrtmtns,
1224 4054 1303 4129 quod

215 4153 256 4206 lls
271 4169 344 4218 reo,
363 4168 438 4207 unus
455 4154 544 4207 tacitos
555 4155 616 4213 diss,
627 4165 714 4220 metus,
729 4153 823 4210 ceteri
837 4162 927 4208 metus.
