<?xml version="1.0" encoding="UTF-8"?>
<!DOCTYPE html PUBLIC "-//W3C//DTD XHTML 1.0 Transitional//EN"
    "http://www.w3.org/TR/xhtml1/DTD/xhtml1-transitional.dtd">
<html xmlns="http://www.w3.org/1999/xhtml" xml:lang="en" lang="en">
 <head>
  <title>
</title>
<meta http-equiv="Content-Type" content="text/html;charset=utf-8" />
  <meta name='ocr-system' content='tesseract 3.04.00' />
  <meta name='ocr-capabilities' content='ocr_page ocr_carea ocr_par ocr_line ocrx_word'/>
</head>
<body>
  <div class='ocr_page' id='page_1' title='image "./povidiinasonisf00krebgoog_0054.png"; bbox 0 0 2876 4826; ppageno 0'>
   <div class='ocr_carea' id='block_1_1' title="bbox 480 307 874 398">
    <p class='ocr_par' dir='ltr' id='par_1_1' title="bbox 480 307 874 398">
     <span class='ocr_line' id='line_1_1' title="bbox 480 307 874 398; baseline 0.003 -30"><span class='ocrx_word' id='word_1_1' title='bbox 480 307 724 398; x_wconf 23' lang='lat' dir='ltr'><strong>&#39;Frust‘omttt</strong></span> <span class='ocrx_word' id='word_1_2' title='bbox 746 308 828 372; x_wconf 88' lang='lat' dir='ltr'><strong>LIB.</strong></span> <span class='ocrx_word' id='word_1_3' title='bbox 850 309 874 369; x_wconf 93' lang='lat'><strong>1.</strong></span> 
     </span>
    </p>
   </div>
   <div class='ocr_carea' id='block_1_2' title="bbox 128 489 1221 2390">
    <p class='ocr_par' dir='ltr' id='par_1_2' title="bbox 137 489 1020 680">
     <span class='ocr_line' id='line_1_2' title="bbox 137 489 1020 575; baseline -0.003 -22"><span class='ocrx_word' id='word_1_4' title='bbox 137 496 218 553; x_wconf 82' lang='lat' dir='ltr'><strong>lura</strong></span> <span class='ocrx_word' id='word_1_5' title='bbox 242 491 339 553; x_wconf 87' lang='lat' dir='ltr'><strong>dabat</strong></span> <span class='ocrx_word' id='word_1_6' title='bbox 360 492 490 575; x_wconf 83' lang='lat' dir='ltr'><strong>populis</strong></span> <span class='ocrx_word' id='word_1_7' title='bbox 510 490 620 574; x_wconf 88' lang='lat' dir='ltr'><strong>posito</strong></span> <span class='ocrx_word' id='word_1_8' title='bbox 642 489 739 552; x_wconf 87' lang='lat' dir='ltr'><strong>modo</strong></span> <span class='ocrx_word' id='word_1_9' title='bbox 763 490 874 551; x_wconf 88' lang='lat' dir='ltr'><strong>consul</strong></span> <span class='ocrx_word' id='word_1_10' title='bbox 897 500 1020 566; x_wconf 79' lang='lat' dir='ltr'><strong>aratro,</strong></span> 
     </span>
     <span class='ocr_line' id='line_1_3' title="bbox 182 597 883 680; baseline -0.004 -21"><span class='ocrx_word' id='word_1_11' title='bbox 182 601 229 659; x_wconf 88' lang='lat' dir='ltr'><strong>Et</strong></span> <span class='ocrx_word' id='word_1_12' title='bbox 250 599 334 661; x_wconf 86' lang='lat' dir='ltr'><strong>levis</strong></span> <span class='ocrx_word' id='word_1_13' title='bbox 358 599 488 680; x_wconf 81' lang='lat' dir='ltr'><strong>argenti</strong></span> <span class='ocrx_word' id='word_1_14' title='bbox 511 597 630 658; x_wconf 88' lang='lat' dir='ltr'><strong>lamina</strong></span> <span class='ocrx_word' id='word_1_15' title='bbox 652 597 778 658; x_wconf 80' lang='lat' dir='ltr'><strong>crimen</strong></span> <span class='ocrx_word' id='word_1_16' title='bbox 800 610 883 658; x_wconf 88' lang='lat' dir='ltr'><strong>erat.</strong></span> 
     </span>
    </p>

    <p class='ocr_par' dir='ltr' id='par_1_3' title="bbox 137 701 1022 889">
     <span class='ocr_line' id='line_1_4' title="bbox 137 701 1022 786; baseline -0.003 -22"><span class='ocrx_word' id='word_1_17' title='bbox 137 705 184 764; x_wconf 81' lang='lat' dir='ltr'><strong>At</strong></span> <span class='ocrx_word' id='word_1_18' title='bbox 207 715 378 785; x_wconf 83' lang='lat' dir='ltr'><strong>postquam</strong></span> <span class='ocrx_word' id='word_1_19' title='bbox 399 705 547 764; x_wconf 83' lang='lat' dir='ltr'><strong>Fortuna</strong></span> <span class='ocrx_word' id='word_1_20' title='bbox 568 704 633 766; x_wconf 91' lang='lat' dir='ltr'><strong>loci</strong></span> <span class='ocrx_word' id='word_1_21' title='bbox 657 715 752 786; x_wconf 90' lang='lat' dir='ltr'><strong>caput</strong></span> <span class='ocrx_word' id='word_1_22' title='bbox 775 701 893 766; x_wconf 84' lang='lat' dir='ltr'><strong>extulit</strong></span> <span class='ocrx_word' id='word_1_23' title='bbox 914 703 1022 782; x_wconf 85' lang='lat' dir='ltr'><strong>huius,</strong></span> 
     </span>
     <span class='ocr_line' id='line_1_5' title="bbox 182 809 918 889; baseline 0 -19"><span class='ocrx_word' id='word_1_24' title='bbox 182 812 228 870; x_wconf 89' lang='lat' dir='ltr'><strong>Et</strong></span> <span class='ocrx_word' id='word_1_25' title='bbox 250 809 361 889; x_wconf 82' lang='lat' dir='ltr'><strong>tetigit</strong></span> <span class='ocrx_word' id='word_1_26' title='bbox 383 829 521 872; x_wconf 83' lang='lat' dir='ltr'><strong>summos</strong></span> <span class='ocrx_word' id='word_1_27' title='bbox 544 813 672 875; x_wconf 79' lang='lat' dir='ltr'><strong>vertice</strong></span> <span class='ocrx_word' id='word_1_28' title='bbox 694 813 797 871; x_wconf 86' lang='lat' dir='ltr'><strong>Roma</strong></span> <span class='ocrx_word' id='word_1_29' title='bbox 820 811 918 881; x_wconf 86' lang='lat' dir='ltr'><strong>deos;</strong></span> 
     </span>
    </p>

    <p class='ocr_par' dir='ltr' id='par_1_4' title="bbox 140 917 1023 1108">
     <span class='ocr_line' id='line_1_6' title="bbox 140 917 987 1001; baseline 0.002 -25"><span class='ocrx_word' id='word_1_30' title='bbox 140 918 330 980; x_wconf 80' lang='lat' dir='ltr'><strong>Creverunt</strong></span> <span class='ocrx_word' id='word_1_31' title='bbox 353 928 388 977; x_wconf 91' lang='lat' dir='ltr'><strong>et</strong></span> <span class='ocrx_word' id='word_1_32' title='bbox 409 938 505 1000; x_wconf 87' lang='lat' dir='ltr'><strong>opes,</strong></span> <span class='ocrx_word' id='word_1_33' title='bbox 529 933 562 979; x_wconf 87' lang='lat' dir='ltr'><strong>ct</strong></span> <span class='ocrx_word' id='word_1_34' title='bbox 583 939 681 1001; x_wconf 89' lang='lat' dir='ltr'><strong>opum</strong></span> <span class='ocrx_word' id='word_1_35' title='bbox 702 917 830 980; x_wconf 80' lang='lat' dir='ltr'><strong>furiosa</strong></span> <span class='ocrx_word' id='word_1_36' title='bbox 854 917 987 1000; x_wconf 83' lang='lat' dir='ltr'><strong>cupido,</strong></span> 
     </span>
     <span class='ocr_line' id='line_1_7' title="bbox 180 1021 1023 1108; baseline 0.002 -24"><span class='ocrx_word' id='word_1_37' title='bbox 180 1026 244 1100; x_wconf 84' lang='lat' dir='ltr'><strong>Et,</strong></span> <span class='ocrx_word' id='word_1_38' title='bbox 268 1045 366 1106; x_wconf 89' lang='lat' dir='ltr'><strong>quum</strong></span> <span class='ocrx_word' id='word_1_39' title='bbox 387 1027 575 1107; x_wconf 80' lang='lat' dir='ltr'><strong>possideant</strong></span> <span class='ocrx_word' id='word_1_40' title='bbox 596 1021 756 1108; x_wconf 82' lang='lat' dir='ltr'><strong>pintima,</strong></span> <span class='ocrx_word' id='word_1_41' title='bbox 779 1027 875 1108; x_wconf 83' lang='lat' dir='ltr'><strong>plura</strong></span> <span class='ocrx_word' id='word_1_42' title='bbox 897 1026 1023 1087; x_wconf 82' lang='lat' dir='ltr'><strong>volunt.</strong></span> 
     </span>
    </p>

    <p class='ocr_par' dir='ltr' id='par_1_5' title="bbox 139 1130 1135 1322">
     <span class='ocr_line' id='line_1_8' title="bbox 139 1130 1135 1223; baseline 0.001 -31"><span class='ocrx_word' id='word_1_43' title='bbox 139 1130 328 1223; x_wconf 78' lang='lat' dir='ltr'><strong>Quaerere,</strong></span> <span class='ocrx_word' id='word_1_44' title='bbox 351 1145 388 1194; x_wconf 90' lang='lat' dir='ltr'><strong>ut</strong></span> <span class='ocrx_word' id='word_1_45' title='bbox 406 1133 593 1209; x_wconf 41' lang='lat' dir='ltr'><strong>absumant?</strong></span> <span class='ocrx_word' id='word_1_46' title='bbox 609 1133 776 1215; x_wconf 87' lang='lat' dir='ltr'><strong>absumpta</strong></span> <span class='ocrx_word' id='word_1_47' title='bbox 794 1131 971 1214; x_wconf 82' lang='lat' dir='ltr'><strong>requirere</strong></span> <span class='ocrx_word' id='word_1_48' title='bbox 990 1145 1135 1196; x_wconf 87' lang='lat' dir='ltr'><strong>certant:</strong></span> 
     </span>
     <span class='ocr_line' id='line_1_9' title="bbox 179 1239 911 1322; baseline 0.008 -23"><span class='ocrx_word' id='word_1_49' title='bbox 179 1241 291 1322; x_wconf 86' lang='lat' dir='ltr'><strong>Atque</strong></span> <span class='ocrx_word' id='word_1_50' title='bbox 314 1239 402 1321; x_wconf 82' lang='lat' dir='ltr'><strong>ipsae</strong></span> <span class='ocrx_word' id='word_1_51' title='bbox 424 1240 516 1303; x_wconf 73' lang='lat' dir='ltr'><strong>vitiis</strong></span> <span class='ocrx_word' id='word_1_52' title='bbox 540 1254 615 1302; x_wconf 89' lang='lat' dir='ltr'><strong>sunt</strong></span> <span class='ocrx_word' id='word_1_53' title='bbox 638 1241 790 1302; x_wconf 86' lang='lat' dir='ltr'><strong>alimenta</strong></span> <span class='ocrx_word' id='word_1_54' title='bbox 812 1241 911 1305; x_wconf 79' lang='lat' dir='ltr'><strong>vicos.</strong></span> 
     </span>
    </p>

    <p class='ocr_par' dir='ltr' id='par_1_6' title="bbox 140 1347 1219 1546">
     <span class='ocr_line' id='line_1_10' title="bbox 140 1347 1219 1428; baseline 0.004 -20"><span class='ocrx_word' id='word_1_55' title='bbox 140 1347 219 1420; x_wconf 89' lang='lat' dir='ltr'><strong>Sic,</strong></span> <span class='ocrx_word' id='word_1_56' title='bbox 245 1347 361 1428; x_wconf 83' lang='lat' dir='ltr'><strong>quibus</strong></span> <span class='ocrx_word' id='word_1_57' title='bbox 381 1348 536 1416; x_wconf 86' lang='lat' dir='ltr'><strong>intumuit</strong></span> <span class='ocrx_word' id='word_1_58' title='bbox 558 1348 678 1408; x_wconf 82' lang='lat' dir='ltr'><strong>suffusa</strong></span> <span class='ocrx_word' id='word_1_59' title='bbox 699 1360 816 1411; x_wconf 86' lang='lat' dir='ltr'><strong>venter</strong></span> <span class='ocrx_word' id='word_1_60' title='bbox 839 1348 878 1408; x_wconf 87' lang='lat' dir='ltr'><strong>ab</strong></span> <span class='ocrx_word' id='word_1_61' title='bbox 902 1350 997 1426; x_wconf 83' lang='lat' dir='ltr'><strong>unda,</strong></span> <span class='ocrx_word' id='word_1_62' title='bbox 1161 1353 1219 1415; x_wconf 75' lang='lat'><strong>215</strong></span> 
     </span>
     <span class='ocr_line' id='line_1_11' title="bbox 183 1455 1010 1546; baseline 0.006 -33"><span class='ocrx_word' id='word_1_63' title='bbox 183 1455 259 1546; x_wconf 76' lang='lat' dir='ltr'><strong>Quo</strong></span> <span class='ocrx_word' id='word_1_64' title='bbox 283 1455 358 1535; x_wconf 90' lang='lat' dir='ltr'><strong>plus</strong></span> <span class='ocrx_word' id='word_1_65' title='bbox 381 1468 457 1515; x_wconf 88' lang='lat' dir='ltr'><strong>sunt</strong></span> <span class='ocrx_word' id='word_1_66' title='bbox 478 1467 594 1538; x_wconf 87' lang='lat' dir='ltr'><strong>potae,</strong></span> <span class='ocrx_word' id='word_1_67' title='bbox 616 1457 690 1538; x_wconf 87' lang='lat' dir='ltr'><strong>plus</strong></span> <span class='ocrx_word' id='word_1_68' title='bbox 715 1455 872 1516; x_wconf 87' lang='lat' dir='ltr'><strong>sitiuntur</strong></span> <span class='ocrx_word' id='word_1_69' title='bbox 896 1477 1010 1538; x_wconf 84' lang='lat' dir='ltr'><strong>aquae.</strong></span> 
     </span>
    </p>

    <p class='ocr_par' dir='ltr' id='par_1_7' title="bbox 132 1560 1070 1752">
     <span class='ocr_line' id='line_1_12' title="bbox 132 1560 1070 1651; baseline -0.001 -29"><span class='ocrx_word' id='word_1_70' title='bbox 132 1565 172 1622; x_wconf 86' lang='lat' dir='ltr'><strong>ln</strong></span> <span class='ocrx_word' id='word_1_71' title='bbox 196 1560 308 1643; x_wconf 85' lang='lat' dir='ltr'><strong>pretio</strong></span> <span class='ocrx_word' id='word_1_72' title='bbox 329 1561 474 1644; x_wconf 89' lang='lat' dir='ltr'><strong>pretium</strong></span> <span class='ocrx_word' id='word_1_73' title='bbox 495 1585 581 1624; x_wconf 89' lang='lat' dir='ltr'><strong>nunc</strong></span> <span class='ocrx_word' id='word_1_74' title='bbox 602 1575 676 1651; x_wconf 57' lang='lat' dir='ltr'><strong>esti</strong></span> <span class='ocrx_word' id='word_1_75' title='bbox 701 1563 756 1623; x_wconf 86' lang='lat' dir='ltr'><strong>dat</strong></span> <span class='ocrx_word' id='word_1_76' title='bbox 778 1583 892 1623; x_wconf 80' lang='lat' dir='ltr'><strong>census</strong></span> <span class='ocrx_word' id='word_1_77' title='bbox 914 1563 1070 1641; x_wconf 85' lang='lat' dir='ltr'><strong>honores,</strong></span> 
     </span>
     <span class='ocr_line' id='line_1_13' title="bbox 187 1669 924 1752; baseline 0.001 -24"><span class='ocrx_word' id='word_1_78' title='bbox 187 1671 312 1746; x_wconf 84' lang='lat' dir='ltr'><strong>Census</strong></span> <span class='ocrx_word' id='word_1_79' title='bbox 336 1669 512 1748; x_wconf 82' lang='lat' dir='ltr'><strong>amicitias3</strong></span> <span class='ocrx_word' id='word_1_80' title='bbox 535 1691 661 1752; x_wconf 84' lang='lat' dir='ltr'><strong>pauper</strong></span> <span class='ocrx_word' id='word_1_81' title='bbox 683 1669 805 1752; x_wconf 88' lang='lat' dir='ltr'><strong>ubique</strong></span> <span class='ocrx_word' id='word_1_82' title='bbox 827 1673 924 1731; x_wconf 88' lang='lat' dir='ltr'><strong>iacet.</strong></span> 
     </span>
    </p>

    <p class='ocr_par' dir='ltr' id='par_1_8' title="bbox 137 1776 1221 1964">
     <span class='ocr_line' id='line_1_14' title="bbox 137 1776 1138 1861; baseline 0.002 -25"><span class='ocrx_word' id='word_1_83' title='bbox 137 1780 194 1836; x_wconf 85' lang='lat' dir='ltr'><strong>Tu</strong></span> <span class='ocrx_word' id='word_1_84' title='bbox 221 1788 349 1853; x_wconf 86' lang='lat' dir='ltr'><strong>tamen,</strong></span> <span class='ocrx_word' id='word_1_85' title='bbox 377 1777 557 1859; x_wconf 87' lang='lat' dir='ltr'><strong>auspicium</strong></span> <span class='ocrx_word' id='word_1_86' title='bbox 588 1796 648 1836; x_wconf 90' lang='lat' dir='ltr'><strong>cur</strong></span> <span class='ocrx_word' id='word_1_87' title='bbox 679 1776 720 1837; x_wconf 85' lang='lat' dir='ltr'><strong>sit</strong></span> <span class='ocrx_word' id='word_1_88' title='bbox 744 1777 838 1859; x_wconf 89' lang='lat' dir='ltr'><strong>stipis</strong></span> <span class='ocrx_word' id='word_1_89' title='bbox 860 1777 960 1854; x_wconf 84' lang='lat' dir='ltr'><strong>utile,</strong></span> <span class='ocrx_word' id='word_1_90' title='bbox 991 1781 1138 1861; x_wconf 84' lang='lat' dir='ltr'><strong>quaeris,</strong></span> 
     </span>
     <span class='ocr_line' id='line_1_15' title="bbox 186 1880 1221 1964; baseline 0.009 -22"><span class='ocrx_word' id='word_1_91' title='bbox 186 1883 319 1964; x_wconf 83' lang='lat' dir='ltr'><strong>Corque</strong></span> <span class='ocrx_word' id='word_1_92' title='bbox 341 1880 458 1946; x_wconf 85' lang='lat' dir='ltr'><strong>iuvent</strong></span> <span class='ocrx_word' id='word_1_93' title='bbox 478 1897 604 1945; x_wconf 89' lang='lat' dir='ltr'><strong>nostras</strong></span> <span class='ocrx_word' id='word_1_94' title='bbox 626 1905 702 1945; x_wconf 89' lang='lat' dir='ltr'><strong>aera</strong></span> <span class='ocrx_word' id='word_1_95' title='bbox 723 1887 853 1948; x_wconf 76' lang='lat' dir='ltr'><strong>vetusta</strong></span> <span class='ocrx_word' id='word_1_96' title='bbox 873 1905 995 1946; x_wconf 77' lang='lat' dir='ltr'><strong>uranus.</strong></span> <span class='ocrx_word' id='word_1_97' title='bbox 1162 1907 1221 1951; x_wconf 82' lang='lat'><strong>220</strong></span> 
     </span>
    </p>

    <p class='ocr_par' dir='ltr' id='par_1_9' title="bbox 135 1989 1135 2179">
     <span class='ocr_line' id='line_1_16' title="bbox 135 1989 1135 2072; baseline 0.006 -23"><span class='ocrx_word' id='word_1_98' title='bbox 135 1993 229 2050; x_wconf 83' lang='lat' dir='ltr'><strong>Aera</strong></span> <span class='ocrx_word' id='word_1_99' title='bbox 252 1989 369 2049; x_wconf 82' lang='lat' dir='ltr'><strong>dabant</strong></span> <span class='ocrx_word' id='word_1_100' title='bbox 398 1989 494 2068; x_wconf 81' lang='lat' dir='ltr'><strong>olim3</strong></span> <span class='ocrx_word' id='word_1_101' title='bbox 522 1991 639 2051; x_wconf 88' lang='lat' dir='ltr'><strong>melius</strong></span> <span class='ocrx_word' id='word_1_102' title='bbox 667 2011 753 2052; x_wconf 91' lang='lat' dir='ltr'><strong>nunc</strong></span> <span class='ocrx_word' id='word_1_103' title='bbox 782 2012 877 2052; x_wconf 85' lang='lat' dir='ltr'><strong>omen</strong></span> <span class='ocrx_word' id='word_1_104' title='bbox 904 1993 939 2052; x_wconf 89' lang='lat' dir='ltr'><strong>in</strong></span> <span class='ocrx_word' id='word_1_105' title='bbox 969 2014 1050 2054; x_wconf 88' lang='lat' dir='ltr'><strong>auro</strong></span> <span class='ocrx_word' id='word_1_106' title='bbox 1073 2007 1135 2072; x_wconf 78' lang='lat' dir='ltr'><strong>cst,</strong></span> 
     </span>
     <span class='ocr_line' id='line_1_17' title="bbox 191 2097 945 2179; baseline 0.004 -24"><span class='ocrx_word' id='word_1_107' title='bbox 191 2097 354 2179; x_wconf 81' lang='lat' dir='ltr'><strong>Victaque</strong></span> <span class='ocrx_word' id='word_1_108' title='bbox 378 2097 529 2158; x_wconf 74' lang='lat' dir='ltr'><strong>concedit</strong></span> <span class='ocrx_word' id='word_1_109' title='bbox 550 2099 657 2179; x_wconf 84' lang='lat' dir='ltr'><strong>prisea</strong></span> <span class='ocrx_word' id='word_1_110' title='bbox 679 2112 809 2160; x_wconf 85' lang='lat' dir='ltr'><strong>moneta</strong></span> <span class='ocrx_word' id='word_1_111' title='bbox 830 2120 945 2162; x_wconf 83' lang='lat' dir='ltr'><strong>novae.</strong></span> 
     </span>
    </p>

    <p class='ocr_par' dir='ltr' id='par_1_10' title="bbox 128 2205 1136 2390">
     <span class='ocr_line' id='line_1_18' title="bbox 128 2205 1136 2289; baseline 0.003 -23"><span class='ocrx_word' id='word_1_112' title='bbox 128 2205 206 2266; x_wconf 80' lang='lat' dir='ltr'><strong>&#39;Nos</strong></span> <span class='ocrx_word' id='word_1_113' title='bbox 223 2224 353 2286; x_wconf 88' lang='lat' dir='ltr'><strong>quoque</strong></span> <span class='ocrx_word' id='word_1_114' title='bbox 363 2205 486 2285; x_wconf 87' lang='lat' dir='ltr'><strong>templa</strong></span> <span class='ocrx_word' id='word_1_115' title='bbox 501 2205 624 2280; x_wconf 75' lang='lat' dir='ltr'><strong>iuvant,</strong></span> <span class='ocrx_word' id='word_1_116' title='bbox 638 2205 782 2287; x_wconf 82' lang='lat' dir='ltr'><strong>quamvis</strong></span> <span class='ocrx_word' id='word_1_117' title='bbox 799 2207 930 2289; x_wconf 83' lang='lat' dir='ltr'><strong>antiqua</strong></span> <span class='ocrx_word' id='word_1_118' title='bbox 944 2207 1136 2288; x_wconf 82' lang='lat' dir='ltr'><strong>probemus,</strong></span> 
     </span>
     <span class='ocr_line' id='line_1_19' title="bbox 183 2313 839 2390; baseline -0.002 -18"><span class='ocrx_word' id='word_1_119' title='bbox 183 2313 292 2372; x_wconf 79' lang='lat' dir='ltr'><strong>Aurea</strong></span> <span class='ocrx_word' id='word_1_120' title='bbox 301 2335 311 2390; x_wconf 83' lang='lat'>3</span> <span class='ocrx_word' id='word_1_121' title='bbox 334 2313 484 2372; x_wconf 86' lang='lat' dir='ltr'><strong>maiestas</strong></span> <span class='ocrx_word' id='word_1_122' title='bbox 507 2313 661 2376; x_wconf 76' lang='lat' dir='ltr'><strong>convenit</strong></span> <span class='ocrx_word' id='word_1_123' title='bbox 683 2313 743 2374; x_wconf 84' lang='lat' dir='ltr'><strong>ista</strong></span> <span class='ocrx_word' id='word_1_124' title='bbox 766 2313 839 2374; x_wconf 87' lang='lat' dir='ltr'><strong>deo.</strong></span> 
     </span>
    </p>
   </div>
   <div class='ocr_carea' id='block_1_3' title="bbox 1026 2499 1220 2516">
    <p class='ocr_par' dir='ltr' id='par_1_11' title="bbox 1026 2499 1220 2516">
     <span class='ocr_line' id='line_1_20' title="bbox 1026 2499 1220 2516; baseline 0 -4"><span class='ocrx_word' id='word_1_125' title='bbox 1026 2499 1220 2516; x_wconf 56' lang='lat' dir='ltr'>w</span> 
     </span>
    </p>
   </div>
   <div class='ocr_carea' id='block_1_4' title="bbox 134 2633 1262 2805">
    <p class='ocr_par' dir='ltr' id='par_1_12' title="bbox 134 2633 1262 2805">
     <span class='ocr_line' id='line_1_21' title="bbox 212 2633 1262 2708; baseline 0.008 -24"><span class='ocrx_word' id='word_1_126' title='bbox 212 2649 274 2702; x_wconf 82' lang='lat'><strong>207.</strong></span> <span class='ocrx_word' id='word_1_127' title='bbox 292 2633 381 2686; x_wconf 83' lang='lat' dir='ltr'><strong>Multi</strong></span> <span class='ocrx_word' id='word_1_128' title='bbox 394 2636 492 2701; x_wconf 78' lang='lat' dir='ltr'><strong>populo.</strong></span> <span class='ocrx_word' id='word_1_129' title='bbox 514 2635 591 2688; x_wconf 85' lang='lat' dir='ltr'><strong>Octo</strong></span> <span class='ocrx_word' id='word_1_130' title='bbox 606 2637 680 2686; x_wconf 83' lang='lat' dir='ltr'><strong>misso</strong></span> <span class='ocrx_word' id='word_1_131' title='bbox 698 2639 780 2703; x_wconf 75' lang='lat' dir='ltr'><strong>modo,</strong></span> <span class='ocrx_word' id='word_1_132' title='bbox 796 2653 846 2692; x_wconf 88' lang='lat' dir='ltr'><strong>un.</strong></span> <span class='ocrx_word' id='word_1_133' title='bbox 864 2647 971 2706; x_wconf 80' lang='lat' dir='ltr'><strong>exopt.</strong></span> <span class='ocrx_word' id='word_1_134' title='bbox 989 2641 1090 2694; x_wconf 80' lang='lat' dir='ltr'><strong>missus.</strong></span> <span class='ocrx_word' id='word_1_135' title='bbox 1109 2669 1143 2680; x_wconf 87' lang='lat'>-</span> <span class='ocrx_word' id='word_1_136' title='bbox 1156 2641 1219 2694; x_wconf 78' lang='lat' dir='ltr'><strong>Alii</strong></span> <span class='ocrx_word' id='word_1_137' title='bbox 1258 2695 1262 2708; x_wconf 29' lang='lat' dir='ltr'><strong>p</strong></span> 
     </span>
     <span class='ocr_line' id='line_1_22' title="bbox 134 2729 1218 2805; baseline 0.01 -30"><span class='ocrx_word' id='word_1_138' title='bbox 134 2737 240 2793; x_wconf 76' lang='lat' dir='ltr'><strong>praetor</strong></span> <span class='ocrx_word' id='word_1_139' title='bbox 257 2746 313 2792; x_wconf 62' lang='lat' dir='ltr'><strong>ar„</strong></span> <span class='ocrx_word' id='word_1_140' title='bbox 335 2737 449 2798; x_wconf 83' lang='lat' dir='ltr'><strong>septem</strong></span> <span class='ocrx_word' id='word_1_141' title='bbox 466 2729 554 2780; x_wconf 85' lang='lat' dir='ltr'><strong>ctiam</strong></span> <span class='ocrx_word' id='word_1_142' title='bbox 575 2741 638 2800; x_wconf 90' lang='lat' dir='ltr'><strong>opt.</strong></span> <span class='ocrx_word' id='word_1_143' title='bbox 654 2730 738 2805; x_wconf 66' lang='lat' dir='ltr'><strong>constal</strong></span> <span class='ocrx_word' id='word_1_144' title='bbox 752 2752 806 2796; x_wconf 58' lang='lat' dir='ltr'><strong>aa,</strong></span> <span class='ocrx_word' id='word_1_145' title='bbox 824 2732 906 2802; x_wconf 84' lang='lat' dir='ltr'><strong>quod</strong></span> <span class='ocrx_word' id='word_1_146' title='bbox 922 2734 964 2785; x_wconf 89' lang='lat' dir='ltr'><strong>Hs</strong></span> <span class='ocrx_word' id='word_1_147' title='bbox 979 2751 1042 2788; x_wconf 86' lang='lat' dir='ltr'><strong>rec.</strong></span> <span class='ocrx_word' id='word_1_148' title='bbox 1078 2751 1138 2805; x_wconf 81' lang='lat'><strong>209.</strong></span> <span class='ocrx_word' id='word_1_149' title='bbox 1156 2735 1218 2786; x_wconf 77' lang='lat' dir='ltr'><strong>Atii</strong></span> 
     </span>
    </p>
   </div>
   <div class='ocr_carea' id='block_1_5' title="bbox 109 2821 1220 3456">
    <p class='ocr_par' dir='ltr' id='par_1_13' title="bbox 109 2821 1220 3456">
     <span class='ocr_line' id='line_1_23' title="bbox 137 2821 1220 2886; baseline 0.004 -14"><span class='ocrx_word' id='word_1_150' title='bbox 137 2823 352 2878; x_wconf 66' lang='lat' dir='ltr'><strong>lacaenaalto.</strong></span> <span class='ocrx_word' id='word_1_151' title='bbox 387 2837 446 2875; x_wconf 85' lang='lat'><strong>210.</strong></span> <span class='ocrx_word' id='word_1_152' title='bbox 460 2821 641 2886; x_wconf 77' lang='lat' dir='ltr'><strong>Aliisumm05</strong></span> <span class='ocrx_word' id='word_1_153' title='bbox 657 2834 755 2880; x_wconf 89' lang='lat' dir='ltr'><strong>nostr.</strong></span> <span class='ocrx_word' id='word_1_154' title='bbox 765 2825 925 2881; x_wconf 80' lang='lat' dir='ltr'><strong>exmclior.</strong></span> <span class='ocrx_word' id='word_1_155' title='bbox 935 2826 1059 2882; x_wconf 65' lang='lat' dir='ltr'><strong>realis.</strong></span> <span class='ocrx_word' id='word_1_156' title='bbox 1086 2843 1147 2881; x_wconf 83' lang='lat'><strong>211.</strong></span> <span class='ocrx_word' id='word_1_157' title='bbox 1162 2827 1220 2877; x_wconf 85' lang='lat' dir='ltr'><strong>Sex</strong></span> 
     </span>
     <span class='ocr_line' id='line_1_24' title="bbox 109 2902 1219 2990; baseline 0.004 -22"><span class='ocrx_word' id='word_1_158' title='bbox 109 2902 113 2906; x_wconf 36' lang='lat'>¹</span> <span class='ocrx_word' id='word_1_159' title='bbox 137 2917 230 2970; x_wconf 82' lang='lat' dir='ltr'><strong>libido.</strong></span> <span class='ocrx_word' id='word_1_160' title='bbox 248 2915 379 2972; x_wconf 84' lang='lat' dir='ltr'><strong>luvenai.</strong></span> <span class='ocrx_word' id='word_1_161' title='bbox 393 2915 471 2979; x_wconf 80' lang='lat' dir='ltr'>XIV,</span> <span class='ocrx_word' id='word_1_162' title='bbox 489 2915 547 2985; x_wconf 79' lang='lat'><strong>139.</strong></span> <span class='ocrx_word' id='word_1_163' title='bbox 559 2915 677 2968; x_wconf 81' lang='lat' dir='ltr'><strong>Crescit</strong></span> <span class='ocrx_word' id='word_1_164' title='bbox 689 2933 771 2969; x_wconf 88' lang='lat' dir='ltr'><strong>amor</strong></span> <span class='ocrx_word' id='word_1_165' title='bbox 788 2919 909 2981; x_wconf 84' lang='lat' dir='ltr'><strong>nummi,</strong></span> <span class='ocrx_word' id='word_1_166' title='bbox 928 2931 1071 2988; x_wconf 89' lang='lat' dir='ltr'><strong>quantum</strong></span> <span class='ocrx_word' id='word_1_167' title='bbox 1088 2920 1153 2990; x_wconf 85' lang='lat' dir='ltr'><strong>ipsa</strong></span> <span class='ocrx_word' id='word_1_168' title='bbox 1169 2937 1219 2990; x_wconf 90' lang='lat' dir='ltr'><strong>pe·</strong></span> 
     </span>
     <span class='ocr_line' id='line_1_25' title="bbox 138 3007 1218 3081; baseline 0.005 -19"><span class='ocrx_word' id='word_1_169' title='bbox 138 3007 232 3062; x_wconf 82' lang='lat' dir='ltr'><strong>cunia</strong></span> <span class='ocrx_word' id='word_1_170' title='bbox 242 3009 363 3066; x_wconf 80' lang='lat' dir='ltr'><strong>crescit.</strong></span> <span class='ocrx_word' id='word_1_171' title='bbox 382 3008 455 3064; x_wconf 84' lang='lat' dir='ltr'><strong>Sall.</strong></span> <span class='ocrx_word' id='word_1_172' title='bbox 468 3007 534 3064; x_wconf 89' lang='lat' dir='ltr'><strong>Cat.</strong></span> <span class='ocrx_word' id='word_1_173' title='bbox 546 3025 588 3064; x_wconf 82' lang='grc' dir='ltr'><strong>ιι.</strong></span> <span class='ocrx_word' id='word_1_174' title='bbox 599 3008 736 3062; x_wconf 81' lang='lat' dir='ltr'><strong>Avaritia</strong></span> <span class='ocrx_word' id='word_1_175' title='bbox 752 3026 869 3081; x_wconf 83' lang='lat' dir='ltr'><strong>semper</strong></span> <span class='ocrx_word' id='word_1_176' title='bbox 882 3011 1012 3077; x_wconf 81' lang='lat' dir='ltr'><strong>infinita,</strong></span> <span class='ocrx_word' id='word_1_177' title='bbox 1023 3011 1218 3081; x_wconf 85' lang='lat' dir='ltr'><strong>insatiabilis,</strong></span> 
     </span>
     <span class='ocr_line' id='line_1_26' title="bbox 136 3100 1219 3177; baseline 0.006 -22"><span class='ocrx_word' id='word_1_178' title='bbox 136 3119 241 3174; x_wconf 87' lang='lat' dir='ltr'><strong>neque</strong></span> <span class='ocrx_word' id='word_1_179' title='bbox 251 3103 337 3172; x_wconf 87' lang='lat' dir='ltr'><strong>copia</strong></span> <span class='ocrx_word' id='word_1_180' title='bbox 347 3100 557 3174; x_wconf 77' lang='lat' dir='ltr'><strong>usqueinopia</strong></span> <span class='ocrx_word' id='word_1_181' title='bbox 567 3101 724 3159; x_wconf 84' lang='lat' dir='ltr'><strong>minuitur.</strong></span> <span class='ocrx_word' id='word_1_182' title='bbox 756 3120 816 3159; x_wconf 85' lang='lat'><strong>212.</strong></span> <span class='ocrx_word' id='word_1_183' title='bbox 836 3105 859 3156; x_wconf 92' lang='lat' dir='ltr'>E</span> <span class='ocrx_word' id='word_1_184' title='bbox 878 3122 929 3158; x_wconf 84' lang='lat' dir='ltr'><strong>sex</strong></span> <span class='ocrx_word' id='word_1_185' title='bbox 944 3117 1008 3177; x_wconf 82' lang='lat' dir='ltr'><strong>opt.</strong></span> <span class='ocrx_word' id='word_1_186' title='bbox 1025 3107 1111 3165; x_wconf 80' lang='lat' dir='ltr'><strong>codd.</strong></span> <span class='ocrx_word' id='word_1_187' title='bbox 1119 3109 1161 3162; x_wconf 87' lang='lat' dir='ltr'><strong>Hs</strong></span> <span class='ocrx_word' id='word_1_188' title='bbox 1178 3132 1219 3162; x_wconf 75' lang='lat' dir='ltr'><strong>so-</strong></span> 
     </span>
     <span class='ocr_line' id='line_1_27' title="bbox 138 3194 1220 3272; baseline 0.006 -24"><span class='ocrx_word' id='word_1_189' title='bbox 138 3200 212 3264; x_wconf 83' lang='lat' dir='ltr'><strong>luut;</strong></span> <span class='ocrx_word' id='word_1_190' title='bbox 231 3197 282 3248; x_wconf 85' lang='lat' dir='ltr'><strong>alii</strong></span> <span class='ocrx_word' id='word_1_191' title='bbox 291 3209 389 3266; x_wconf 82' lang='lat' dir='ltr'><strong>petunt,</strong></span> <span class='ocrx_word' id='word_1_192' title='bbox 398 3214 450 3254; x_wconf 84' lang='lat' dir='ltr'><strong>un.</strong></span> <span class='ocrx_word' id='word_1_193' title='bbox 463 3206 561 3266; x_wconf 82' lang='lat' dir='ltr'><strong>rogant.</strong></span> <span class='ocrx_word' id='word_1_194' title='bbox 572 3194 658 3265; x_wconf 82' lang='lat' dir='ltr'><strong>Gasp.</strong></span> <span class='ocrx_word' id='word_1_195' title='bbox 668 3195 774 3253; x_wconf 81' lang='lat' dir='ltr'><strong>Barth.</strong></span> <span class='ocrx_word' id='word_1_196' title='bbox 783 3197 842 3269; x_wconf 80' lang='lat' dir='ltr'><strong>leg.</strong></span> <span class='ocrx_word' id='word_1_197' title='bbox 853 3202 898 3264; x_wconf 75' lang='lat' dir='ltr'><strong>Et,</strong></span> <span class='ocrx_word' id='word_1_198' title='bbox 910 3219 958 3267; x_wconf 84' lang='lat' dir='ltr'><strong>quo</strong></span> <span class='ocrx_word' id='word_1_199' title='bbox 965 3220 1033 3268; x_wconf 84' lang='lat' dir='ltr'><strong>poss.</strong></span> <span class='ocrx_word' id='word_1_200' title='bbox 1038 3203 1134 3269; x_wconf 84' lang='lat' dir='ltr'><strong>pluria,</strong></span> <span class='ocrx_word' id='word_1_201' title='bbox 1144 3206 1220 3272; x_wconf 78' lang='lat' dir='ltr'><strong>plura</strong></span> 
     </span>
     <span class='ocr_line' id='line_1_28' title="bbox 134 3287 1220 3368; baseline 0.007 -26"><span class='ocrx_word' id='word_1_202' title='bbox 134 3302 238 3360; x_wconf 81' lang='lat' dir='ltr'><strong>petunt.</strong></span> <span class='ocrx_word' id='word_1_203' title='bbox 285 3292 346 3347; x_wconf 82' lang='lat'><strong>213.</strong></span> <span class='ocrx_word' id='word_1_204' title='bbox 371 3291 428 3346; x_wconf 81' lang='lat' dir='ltr'><strong>Un.</strong></span> <span class='ocrx_word' id='word_1_205' title='bbox 446 3301 550 3344; x_wconf 79' lang='lat' dir='ltr'><strong>tentant.</strong></span> <span class='ocrx_word' id='word_1_206' title='bbox 561 3287 719 3347; x_wconf 84' lang='lat' dir='ltr'><strong>Claudian.</strong></span> <span class='ocrx_word' id='word_1_207' title='bbox 736 3291 772 3344; x_wconf 87' lang='lat' dir='ltr'><strong>de</strong></span> <span class='ocrx_word' id='word_1_208' title='bbox 793 3293 824 3351; x_wconf 84' lang='lat' dir='ltr'><strong>b.</strong></span> <span class='ocrx_word' id='word_1_209' title='bbox 840 3293 922 3352; x_wconf 88' lang='lat' dir='ltr'><strong>Gild.</strong></span> <span class='ocrx_word' id='word_1_210' title='bbox 939 3295 997 3352; x_wconf 85' lang='lat'><strong>162.</strong></span> <span class='ocrx_word' id='word_1_211' title='bbox 1011 3295 1220 3368; x_wconf 82' lang='lat' dir='ltr'><strong>quodcumque</strong></span> 
     </span>
     <span class='ocr_line' id='line_1_29' title="bbox 141 3383 1218 3456; baseline 0.005 -20"><span class='ocrx_word' id='word_1_212' title='bbox 141 3383 299 3456; x_wconf 79' lang='lat' dir='ltr'><strong>profunda</strong></span> <span class='ocrx_word' id='word_1_213' title='bbox 319 3384 423 3436; x_wconf 85' lang='lat' dir='ltr'><strong>Traxit</strong></span> <span class='ocrx_word' id='word_1_214' title='bbox 439 3383 583 3448; x_wconf 73' lang='lat' dir='ltr'><strong>avaritia,</strong></span> <span class='ocrx_word' id='word_1_215' title='bbox 609 3384 680 3437; x_wconf 81' lang='lat' dir='ltr'><strong>luxu</strong></span> <span class='ocrx_word' id='word_1_216' title='bbox 695 3386 801 3456; x_wconf 84' lang='lat' dir='ltr'><strong>peiore</strong></span> <span class='ocrx_word' id='word_1_217' title='bbox 819 3388 967 3446; x_wconf 85' lang='lat' dir='ltr'><strong>refundit.</strong></span> <span class='ocrx_word' id='word_1_218' title='bbox 1001 3399 1061 3454; x_wconf 85' lang='lat'><strong>217.</strong></span> <span class='ocrx_word' id='word_1_219' title='bbox 1075 3391 1133 3450; x_wconf 81' lang='lat' dir='ltr'><strong>Uu.</strong></span> <span class='ocrx_word' id='word_1_220' title='bbox 1147 3396 1218 3449; x_wconf 79' lang='lat' dir='ltr'><strong>dant.</strong></span> 
     </span>
    </p>
   </div>
   <div class='ocr_carea' id='block_1_6' title="bbox 145 3476 1306 3556">
    <p class='ocr_par' dir='ltr' id='par_1_14' title="bbox 145 3476 1306 3556">
     <span class='ocr_line' id='line_1_30' title="bbox 145 3476 1306 3556; baseline 0.006 -27"><span class='ocrx_word' id='word_1_221' title='bbox 145 3476 207 3534; x_wconf 85' lang='lat'><strong>218.</strong></span> <span class='ocrx_word' id='word_1_222' title='bbox 225 3477 333 3534; x_wconf 87' lang='lat' dir='ltr'><strong>Horat.</strong></span> <span class='ocrx_word' id='word_1_223' title='bbox 341 3476 515 3549; x_wconf 69' lang='lat' dir='ltr'><strong>Epist.1;6‚</strong></span> <span class='ocrx_word' id='word_1_224' title='bbox 532 3479 575 3535; x_wconf 79' lang='lat'><strong>36.</strong></span> <span class='ocrx_word' id='word_1_225' title='bbox 589 3479 714 3532; x_wconf 87' lang='lat' dir='ltr'><strong>Scilicet</strong></span> <span class='ocrx_word' id='word_1_226' title='bbox 729 3499 853 3535; x_wconf 84' lang='lat' dir='ltr'><strong>uxorem</strong></span> <span class='ocrx_word' id='word_1_227' title='bbox 869 3501 935 3536; x_wconf 88' lang='lat' dir='ltr'><strong>oum</strong></span> <span class='ocrx_word' id='word_1_228' title='bbox 951 3484 1038 3550; x_wconf 83' lang='lat' dir='ltr'><strong>dote,</strong></span> <span class='ocrx_word' id='word_1_229' title='bbox 1055 3486 1218 3556; x_wconf 82' lang='lat' dir='ltr'><strong>fidemque,</strong></span> <span class='ocrx_word' id='word_1_230' title='bbox 1304 3531 1306 3536; x_wconf 93' lang='lat'><strong>.</strong></span> 
     </span>
    </p>
   </div>
   <div class='ocr_carea' id='block_1_7' title="bbox 137 3571 1220 4206">
    <p class='ocr_par' dir='ltr' id='par_1_15' title="bbox 137 3571 1220 4206">
     <span class='ocr_line' id='line_1_31' title="bbox 141 3571 1219 3648; baseline 0.006 -25"><span class='ocrx_word' id='word_1_231' title='bbox 141 3581 175 3623; x_wconf 86' lang='lat' dir='ltr'><strong>et</strong></span> <span class='ocrx_word' id='word_1_232' title='bbox 188 3571 310 3636; x_wconf 85' lang='lat' dir='ltr'><strong>amicos,</strong></span> <span class='ocrx_word' id='word_1_233' title='bbox 324 3571 362 3622; x_wconf 91' lang='lat' dir='ltr'><strong>Et</strong></span> <span class='ocrx_word' id='word_1_234' title='bbox 375 3588 480 3644; x_wconf 68' lang='lat' dir='ltr'><strong>genus,</strong></span> <span class='ocrx_word' id='word_1_235' title='bbox 495 3583 525 3626; x_wconf 84' lang='lat' dir='ltr'><strong>et</strong></span> <span class='ocrx_word' id='word_1_236' title='bbox 538 3573 664 3630; x_wconf 79' lang='lat' dir='ltr'><strong>formam</strong></span> <span class='ocrx_word' id='word_1_237' title='bbox 675 3575 782 3646; x_wconf 86' lang='lat' dir='ltr'><strong>regina</strong></span> <span class='ocrx_word' id='word_1_238' title='bbox 796 3578 924 3647; x_wconf 85' lang='lat' dir='ltr'><strong>pecunia</strong></span> <span class='ocrx_word' id='word_1_239' title='bbox 935 3578 1038 3636; x_wconf 80' lang='lat' dir='ltr'><strong>donat.</strong></span> <span class='ocrx_word' id='word_1_240' title='bbox 1078 3596 1138 3648; x_wconf 81' lang='lat'><strong>219.</strong></span> <span class='ocrx_word' id='word_1_241' title='bbox 1150 3577 1219 3630; x_wconf 89' lang='lat' dir='ltr'><strong>Plu·</strong></span> 
     </span>
     <span class='ocr_line' id='line_1_32' title="bbox 139 3663 1219 3743; baseline 0.007 -27"><span class='ocrx_word' id='word_1_242' title='bbox 139 3663 212 3716; x_wconf 85' lang='lat' dir='ltr'><strong>rimi</strong></span> <span class='ocrx_word' id='word_1_243' title='bbox 231 3663 318 3722; x_wconf 87' lang='lat' dir='ltr'><strong>codd.</strong></span> <span class='ocrx_word' id='word_1_244' title='bbox 334 3675 364 3718; x_wconf 87' lang='lat' dir='ltr'><strong>et</strong></span> <span class='ocrx_word' id='word_1_245' title='bbox 381 3665 448 3723; x_wconf 85' lang='lat' dir='ltr'><strong>edd.</strong></span> <span class='ocrx_word' id='word_1_246' title='bbox 463 3687 523 3732; x_wconf 81' lang='lat' dir='ltr'><strong>cur,</strong></span> <span class='ocrx_word' id='word_1_247' title='bbox 548 3670 630 3738; x_wconf 89' lang='lat' dir='ltr'><strong>quod</strong></span> <span class='ocrx_word' id='word_1_248' title='bbox 646 3685 703 3740; x_wconf 83' lang='lat' dir='ltr'><strong>ego</strong></span> <span class='ocrx_word' id='word_1_249' title='bbox 720 3672 835 3743; x_wconf 80' lang='lat' dir='ltr'><strong>recepi.</strong></span> <span class='ocrx_word' id='word_1_250' title='bbox 856 3671 899 3724; x_wconf 83' lang='lat' dir='ltr'><strong>He</strong></span> <span class='ocrx_word' id='word_1_251' title='bbox 916 3688 942 3727; x_wconf 89' lang='lat' dir='ltr'><strong>c.</strong></span> <span class='ocrx_word' id='word_1_252' title='bbox 957 3671 1026 3724; x_wconf 87' lang='lat' dir='ltr'><strong>aliis</strong></span> <span class='ocrx_word' id='word_1_253' title='bbox 1042 3674 1066 3722; x_wconf 82' lang='lat' dir='ltr'><strong>si</strong></span> <span class='ocrx_word' id='word_1_254' title='bbox 1082 3674 1131 3736; x_wconf 85' lang='lat' dir='ltr'><strong>sit,</strong></span> <span class='ocrx_word' id='word_1_255' title='bbox 1153 3671 1219 3742; x_wconf 86' lang='lat' dir='ltr'><strong>ipse</strong></span> 
     </span>
     <span class='ocr_line' id='line_1_33' title="bbox 139 3757 1218 3835; baseline 0.007 -27"><span class='ocrx_word' id='word_1_256' title='bbox 139 3767 238 3810; x_wconf 72' lang='lat' dir='ltr'><strong>tamen</strong></span> <span class='ocrx_word' id='word_1_257' title='bbox 258 3757 342 3811; x_wconf 78' lang='lat' dir='ltr'><strong>vult:</strong></span> <span class='ocrx_word' id='word_1_258' title='bbox 366 3761 391 3808; x_wconf 81' lang='lat' dir='ltr'><strong>si</strong></span> <span class='ocrx_word' id='word_1_259' title='bbox 404 3779 449 3810; x_wconf 85' lang='lat' dir='ltr'><strong>our</strong></span> <span class='ocrx_word' id='word_1_260' title='bbox 458 3762 540 3827; x_wconf 80' lang='lat' dir='ltr'><strong>stipis.</strong></span> <span class='ocrx_word' id='word_1_261' title='bbox 560 3760 662 3828; x_wconf 65' lang='lat' dir='ltr'>CUI,</span> <span class='ocrx_word' id='word_1_262' title='bbox 680 3763 725 3832; x_wconf 76' lang='lat'><strong>57,</strong></span> <span class='ocrx_word' id='word_1_263' title='bbox 743 3764 803 3832; x_wconf 67' lang='lat'><strong>284.</strong></span> <span class='ocrx_word' id='word_1_264' title='bbox 826 3765 888 3832; x_wconf 77' lang='lat' dir='ltr'>Ill,</span> <span class='ocrx_word' id='word_1_265' title='bbox 905 3765 967 3835; x_wconf 84' lang='lat'><strong>765.</strong></span> <span class='ocrx_word' id='word_1_266' title='bbox 985 3766 1039 3830; x_wconf 85' lang='lat' dir='ltr'><strong>IV,</strong></span> <span class='ocrx_word' id='word_1_267' title='bbox 1055 3762 1119 3832; x_wconf 81' lang='lat'><strong>878.</strong></span> <span class='ocrx_word' id='word_1_268' title='bbox 1137 3764 1175 3831; x_wconf 75' lang='lat' dir='ltr'><strong>V,</strong></span> <span class='ocrx_word' id='word_1_269' title='bbox 1194 3783 1218 3824; x_wconf 83' lang='lat' dir='ltr'><strong>t.</strong></span> 
     </span>
     <span class='ocr_line' id='line_1_34' title="bbox 140 3850 1218 3926; baseline 0.01 -24"><span class='ocrx_word' id='word_1_270' title='bbox 140 3865 203 3906; x_wconf 88' lang='lat'><strong>220.</strong></span> <span class='ocrx_word' id='word_1_271' title='bbox 215 3850 320 3906; x_wconf 83' lang='lat' dir='ltr'><strong>Heinz.</strong></span> <span class='ocrx_word' id='word_1_272' title='bbox 334 3853 444 3922; x_wconf 84' lang='lat' dir='ltr'><strong>Opusc.</strong></span> <span class='ocrx_word' id='word_1_273' title='bbox 453 3871 483 3924; x_wconf 93' lang='lat' dir='ltr'><strong>p.</strong></span> <span class='ocrx_word' id='word_1_274' title='bbox 492 3853 541 3906; x_wconf 79' lang='lat'><strong>223</strong></span> <span class='ocrx_word' id='word_1_275' title='bbox 557 3855 618 3926; x_wconf 82' lang='lat' dir='ltr'><strong>leg.</strong></span> <span class='ocrx_word' id='word_1_276' title='bbox 633 3857 725 3914; x_wconf 65' lang='lat' dir='ltr'><strong>Curua</strong></span> <span class='ocrx_word' id='word_1_277' title='bbox 742 3889 776 3898; x_wconf 83' lang='lat'><strong>-—</strong></span> <span class='ocrx_word' id='word_1_278' title='bbox 795 3859 870 3912; x_wconf 85' lang='lat' dir='ltr'><strong>Tres</strong></span> <span class='ocrx_word' id='word_1_279' title='bbox 882 3872 982 3916; x_wconf 71' lang='lat' dir='ltr'><strong>uestras.</strong></span> <span class='ocrx_word' id='word_1_280' title='bbox 1019 3874 1080 3917; x_wconf 85' lang='lat'><strong>221.</strong></span> <span class='ocrx_word' id='word_1_281' title='bbox 1097 3859 1155 3917; x_wconf 86' lang='lat' dir='ltr'><strong>Un.</strong></span> <span class='ocrx_word' id='word_1_282' title='bbox 1169 3881 1218 3913; x_wconf 75' lang='lat' dir='ltr'><strong>me·</strong></span> 
     </span>
     <span class='ocr_line' id='line_1_35' title="bbox 140 3945 1220 4024; baseline 0.014 -31"><span class='ocrx_word' id='word_1_283' title='bbox 140 3945 192 3994; x_wconf 84' lang='lat' dir='ltr'><strong>lius</strong></span> <span class='ocrx_word' id='word_1_284' title='bbox 204 3955 293 4002; x_wconf 79' lang='lat' dir='ltr'><strong>tamen.</strong></span> <span class='ocrx_word' id='word_1_285' title='bbox 309 3977 342 3988; x_wconf 88' lang='lat'><em>-</em></span> <span class='ocrx_word' id='word_1_286' title='bbox 361 3950 409 3997; x_wconf 83' lang='lat' dir='ltr'><strong>Est</strong></span> <span class='ocrx_word' id='word_1_287' title='bbox 425 3947 456 3999; x_wconf 88' lang='lat' dir='ltr'><strong>in</strong></span> <span class='ocrx_word' id='word_1_288' title='bbox 469 3963 562 4006; x_wconf 84' lang='lat' dir='ltr'><strong>nonu.</strong></span> <span class='ocrx_word' id='word_1_289' title='bbox 579 3951 674 4008; x_wconf 84' lang='lat' dir='ltr'><strong>decet.</strong></span> <span class='ocrx_word' id='word_1_290' title='bbox 717 3969 777 4010; x_wconf 89' lang='lat'><strong>222.</strong></span> <span class='ocrx_word' id='word_1_291' title='bbox 802 3953 864 4006; x_wconf 83' lang='lat' dir='ltr'><strong>Alii</strong></span> <span class='ocrx_word' id='word_1_292' title='bbox 882 3953 1012 4018; x_wconf 76' lang='lat' dir='ltr'><strong>concessit,</strong></span> <span class='ocrx_word' id='word_1_293' title='bbox 1033 3953 1092 4007; x_wconf 85' lang='lat' dir='ltr'><strong>duo</strong></span> <span class='ocrx_word' id='word_1_294' title='bbox 1109 3961 1220 4024; x_wconf 78' lang='lat' dir='ltr'><strong>recessit,</strong></span> 
     </span>
     <span class='ocr_line' id='line_1_36' title="bbox 138 4040 1218 4118; baseline 0.011 -27"><span class='ocrx_word' id='word_1_295' title='bbox 138 4056 192 4094; x_wconf 85' lang='lat' dir='ltr'><strong>uu.</strong></span> <span class='ocrx_word' id='word_1_296' title='bbox 210 4040 340 4105; x_wconf 74' lang='lat' dir='ltr'><strong>successit,</strong></span> <span class='ocrx_word' id='word_1_297' title='bbox 361 4051 460 4098; x_wconf 79' lang='lat' dir='ltr'><strong>nostr,</strong></span> <span class='ocrx_word' id='word_1_298' title='bbox 476 4057 491 4094; x_wconf 89' lang='lat' dir='ltr'><strong>e</strong></span> <span class='ocrx_word' id='word_1_299' title='bbox 508 4058 558 4100; x_wconf 75' lang='lat' dir='ltr'><strong>scu</strong></span> <span class='ocrx_word' id='word_1_300' title='bbox 573 4059 637 4103; x_wconf 88' lang='lat' dir='ltr'><strong>rce.</strong></span> <span class='ocrx_word' id='word_1_301' title='bbox 651 4045 705 4105; x_wconf 89' lang='lat' dir='ltr'><strong>Hs.</strong></span> <span class='ocrx_word' id='word_1_302' title='bbox 742 4048 801 4105; x_wconf 80' lang='lat'><strong>223.</strong></span> <span class='ocrx_word' id='word_1_303' title='bbox 820 4048 887 4100; x_wconf 92' lang='lat' dir='ltr'><strong>Duo</strong></span> <span class='ocrx_word' id='word_1_304' title='bbox 897 4049 1040 4115; x_wconf 82' lang='lat' dir='ltr'><strong>probamus.</strong></span> <span class='ocrx_word' id='word_1_305' title='bbox 1077 4053 1136 4118; x_wconf 76' lang='lat'><strong>224.</strong></span> <span class='ocrx_word' id='word_1_306' title='bbox 1156 4051 1218 4106; x_wconf 77' lang='lat' dir='ltr'><strong>Alii</strong></span> 
     </span>
     <span class='ocr_line' id='line_1_37' title="bbox 137 4133 579 4206; baseline 0.025 -26"><span class='ocrx_word' id='word_1_307' title='bbox 137 4135 208 4201; x_wconf 63' lang='lat' dir='ltr'><strong>ipsa,</strong></span> <span class='ocrx_word' id='word_1_308' title='bbox 223 4133 266 4186; x_wconf 87' lang='lat' dir='ltr'><strong>Hs</strong></span> <span class='ocrx_word' id='word_1_309' title='bbox 283 4151 299 4186; x_wconf 89' lang='lat' dir='ltr'><strong>e</strong></span> <span class='ocrx_word' id='word_1_310' title='bbox 315 4135 443 4206; x_wconf 84' lang='lat' dir='ltr'><strong>plerisq.</strong></span> <span class='ocrx_word' id='word_1_311' title='bbox 455 4139 504 4188; x_wconf 82' lang='lat' dir='ltr'><strong>istu</strong></span> <span class='ocrx_word' id='word_1_312' title='bbox 515 4152 579 4195; x_wconf 86' lang='lat' dir='ltr'><strong>rec.</strong></span> 
     </span>
    </p>
   </div>
   <div class='ocr_carea' id='block_1_8' title="bbox 0 0 1442 4826">
    <p class='ocr_par' dir='ltr' id='par_1_16' title="bbox 0 0 1442 4826">
     <span class='ocr_line' id='line_1_38' title="bbox 0 0 1442 4826; baseline 0 0"><span class='ocrx_word' id='word_1_313' title='bbox 0 0 1442 4826; x_wconf 95' lang='lat' dir='ltr'><strong> </strong></span> 
     </span>
    </p>
   </div>
  </div>
 </body>
</html>
