2906 4836
220 280 258 348 78
551 278 589 338 Ρ.
612 279 750 346 Oututt
771 279 954 360 Nesouts'

260 461 266 470 '
298 463 385 522 Dant
406 459 534 524 veniam
556 460 644 521 l'acto
668 462 798 542 genitur
822 462 1003 544 coniuxque
1027 475 1167 528 coactae.

216 571 276 640 830
340 569 462 658 Quam,
486 567 586 642 dixit,
610 561 737 632 treniarn
759 569 940 644 vestiatis,
962 569 1030 652 ipsa
1052 591 1146 649 nego.

276 679 365 740 *Nec
387 695 498 753 mora,
515 675 630 736 *celato
651 673 725 756 tigit
746 697 804 736 sua
826 688 965 757 pectora
986 675 1094 755 lineo,

337 785 381 844 Et
403 781 491 843 cedit·
512 781 545 840 in
567 761 963 864 patriessanguinolenta
984 783 1098 866 pedes.

298 891 390 950 Tunc
403 909 532 972 qnoque
549 887 612 947 iam
625 887 782 965 moriens,
796 909 837 950 ne
853 910 916 950 non
932 893 1124 973 procumbat
1140 894 1289 970 honeste,

335 995 494 1078 Respicit.
538 998 629 1058 Haec
652 995 751 1056 etiarn
773 1015 853 1058 eura
875 997 1021 1060 cadentis
1044 1013 1126 1065 erat.

214 1106 274 1169 835
295 1105 381 1165 Ecce
404 1123 505 1186 snper
527 1123 646 1186 corpus
669 1101 985 1164 communicemus
1007 1119 1190 1185 gementes,
1282 1153 1284 1160 .

336 1211 443 1274 Obliti
467 1210 612 1286 decoris,
635 1209 755 1292 virque
777 1221 938 1292 paterque
960 1210 1080 1277 iacent,

295 1321 420 1379 Brutus
449 1318 560 1392 adest,
591 1315 787 1398 tandemque
816 1314 923 1379 animo
952 1337 1010 1378 sna
1038 1320 1166 1384 numina
1189 1321 1287 1400 sullitq

335 1425 481 1506 Fixaquc
505 1423 672 1484 semanimi
696 1441 839 1503 corp-ore
861 1423 928 1484 tela
949 1426 1058 1507 rapit3

295 1531 546 1613 Stillantemque
568 1542 684 1590 tenens
709 1546 865 1607 generoso
888 1530 1043 1610 sanguine
1066 1534 1219 1612 cultrum,
1280 1545 1284 1553 “

215 1639 276 1713 dun
336 1637 450 1698 Edidit
472 1636 652 1720 impavidus
675 1655 735 1696 ure
757 1635 901 1696 minante
923 1655 1038 1708 sunus:
1076 1677 1081 1686 -

296 1746 363 1804 Per
381 1743 447 1804 tibi
471 1763 531 1823 ego
553 1743 636 1806 hunc
664 1743 739 1804 iuro
767 1743 890 1804 l'ertem
911 1756 1101 1827 castumque
1123 1763 1287 1822 cunerem,

332 1852 464 1930 Perque
486 1861 562 1910 tuos
584 1852 710 1926 Manes,
733 1849 789 1932 qui
811 1850 891 1910 mihi
913 1871 1032 1912 numen
1054 1865 1163 1927 erunt,

293 1957 509 2040 'l'arqninium
530 1976 652 2039 poenus
673 1958 817 2038 prolitga
841 1977 914 2020 cum
934 1959 1038 2040 stirpe
1060 1959 1223 2022 daturum.

332 2067 398 2123 lam
420 2062 498 2122 satis
520 2075 572 2123 est
593 2063 698 2124 virtus
719 2062 922 2126 dissimulata
945 2063 1012 2130 diu.

215 2175 276 2246 845
297 2171 356 2230 llla
377 2169 488 2232 iacens
510 2168 551 2230 ad
572 2170 674 2233 verba
696 2173 808 2232 oeulos
831 2170 902 2232 sinc
924 2171 1046 2236 lumine
1068 2174 1183 2249 movit,

332 2277 476 2360 Visaque
500 2295 651 2338 concussa
668 2276 927 2360 dieta-probare
950 2298 1051 2340 cuma.

290 2388 415 2448 Fertur
439 2384 472 2445 in
494 2383 668 2466 exsequias
691 2383 789 2445 animi
811 2397 956 2447 matrona
978 2384 1096 2462 virilis,

315 2495 373 2553 'Et
393 2503 502 2552 secam
523 2490 671 2553 lacrimas
692 2490 912 2574 invidiamque
935 2493 1046 2558 trahit.

1275 2618 1280 2645 l

276 2803 336 2873 829.
355 2802 504 2871 Duoficu'.
519 2833 553 2842 —
566 2801 681 2872 Pleriq.
699 2811 810 2866 coactae,
830 2801 907 2871 qnod
920 2800 1046 2857 servavi.
1065 2800 1106 2854 Ils
1123 2816 1156 2852 cx
1169 2802 1281 2854 ceteris

207 2911 269 2952 rec.
276 2908 368 2953 caueto.
381 2895 446 2952 Liv.
455 2895 479 2961 I,
490 2895 533 2950 58.
548 2898 571 2948 C
570 2897 714 2947 otrsolantur
720 2914 820 2965 aegrum
831 2896 913 2946 animi
919 2899 1045 2948 avertendo
1056 2914 1146 2946 ausam
1157 2897 1189 2946 ab
1196 2907 1282 2947 coacta

207 2993 233 3040 in
244 3001 366 3042 assutorem
378 2990 470 3045 delicti.
505 2989 566 3046 831.
583 2989 640 3046 Un.
650 2988 885 3054 attaminarunt
895 2988 1277 3056 edelmund-Mulieres

201 3085 274 3152 figit,
287 3083 368 3152 quod
378 3082 420 3134 lls
432 3099 509 3144 rec,
523 3080 699 3152 ceterifixit.
734 3081 796 3136 833.
815 3080 889 3133 Tres
903 3085 962 3132 Hoc
976 3083 1050 3134 etiam
1062 3102 1098 3139 m.
1115 3113 1149 3124 -
1167 3079 1278 3136 Simili-

209 3184 257 3226 ter
271 3175 307 3226 rlc
319 3174 467 3244 Polyxena
475 3174 547 3226 Euri
552 3192 580 3245 p.
592 3173 664 3229 llec.
673 3173 726 3228 utu
742 3164 759 3233 ἡ
773 3164 806 3225 δὲ
821 3165 875 3224 καὶ
883 3166 1055 3237 θνιξσκουιί
1067 3160 1148 3246 ὅμως
1157 3163 1281 3235 πολλὴν

206 3257 360 3345 πρόνοιαν
374 3258 456 3341 εἶχεν
466 3261 622 3343 εὐσχήμως
638 3271 754 3328 πεσεῖν.
784 3269 846 3332 837.
862 3267 908 3323 Cl.
922 3267 985 3324 Lis.
999 3268 1017 3324 Ι.
1033 3285 1057 3323 e.
1070 3267 1196 3331 Brutus,
1213 3265 1282 3318 illis

206 3362 291 3415 laetu
302 3361 468 3432 occupatis,
487 3363 617 3416 cultuum
628 3380 662 3415 cx
671 3362 796 3414 vulnere
808 3361 968 3416 Lucretiae
981 3371 1146 3416 extractum
1158 3375 1278 3414 manan-

206 3465 265 3508 tem
281 3471 390 3507 cruore
402 3469 477 3526 prae
490 3471 521 3507 se
536 3464 653 3520 tenens,
672 3457 730 3507 l'er
750 3457 840 3520 huuc,
862 3455 972 3526 inquit,
989 3455 1187 3509 castissimum
1205 3463 1276 3506 aute

206 3548 318 3618 regiam
334 3547 474 3601 iniurium
486 3549 659 3619 sangninem
678 3549 761 3614 iuro,
776 3559 907 3619 rosque,
923 3548 981 3613 rlii,
999 3558 1092 3602 testes
1107 3548 1202 3613 lucio,
1228 3563 1277 3599 me

207 3643 237 3702 li.
250 3642 446 3714 Tarquinium
460 3659 525 3696 cum
543 3645 691 3698 scelerata
703 3643 830 3714 coniuge
849 3653 878 3696 ct
895 3642 974 3694 omui
996 3643 1164 3696 liberorum
1177 3642 1275 3712 stirpe

205 3737 302 3803 l'erro,
322 3737 404 3808 igni,
424 3753 608 3808 quacumque
621 3739 729 3792 dehinc
744 3738 772 3790 ri
785 3737 920 3808 possim,¹
930 3747 1154 3804 exsecuturum,
1168 3753 1224 3788 uec
1241 3735 1279 3787 il·

204 3829 270 3896 los,
290 3847 346 3884 nee
359 3831 450 3884 ulium
462 3846 638 3900 quemquam
657 3846 787 3900 regnare
800 3829 910 3883 llomue
923 3847 1092 3900 passurum.
1136 3831 1197 3888 838.
1216 3831 1274 3890 Ua.

203 3926 352 3992 sennanimo,
367 3925 444 3980 alius
457 3925 597 3977 semianimi
608 3934 637 3977 et
647 3941 704 3995 pro
718 3939 781 3980 ver.
795 3905 865 3980 ieet.
877 3926 1030 3978 sentianimo.
1074 3926 1135 3992 840.
1159 3926 1219 3978 Un.
1229 3927 1276 3976 mi·

131 4081 135 4090 Δ
203 4028 281 4081 cente,
296 4017 425 4072 undulis
437 4019 516 4076 coni.
528 4019 631 4075 minace.
660 4017 721 4083 844.
735 4016 795 4070 Pro
809 4020 852 4069 diu
867 4018 1000 4088 quinque
1014 4020 1087 4076 mihi.
1122 4018 1275 4086 845,0clu

201 4113 314 4177 adversa,
329 4111 410 4180 quod
421 4111 462 4164 Iis
476 4111 586 4181 placet,
604 4141 638 4151 —
656 4109 807 4168 Un,·vertit‚
