2876 4826
207 295 246 358 12
540 291 577 351 P.
601 289 740 356 OVlDll
760 287 940 352 NASONIS

288 475 408 537 Dulcia
431 494 488 534 eur
512 471 649 547 deutur,
671 471 788 535 video:
817 470 912 552 stipis
935 469 1038 530 adiice
1061 487 1199 545 oausam,

209 605 264 664 roo
328 584 409 641 Pars
429 561 570 641 mihi'de
593 578 677 639 festo
699 599 740 640 ne
762 578 852 638 labet
874 575 940 638 ulla
961 591 1029 638 tuo.

286 687 391 762 Risit,
430 699 482 762 et,
516 687 546 749 Ο
577 707 671 768 quam
700 699 735 747 te
764 686 883 746 fallunt
910 696 967 744 tua
996 683 1142 758 saecula,
1187 681 1279 757 dixit,
1308 679 1311 694 '

328 793 395 883 Qui
418 793 505 875 stipe
526 797 592 854 mel
614 805 738 874 sumpta
760 793 887 852 dulcius
910 809 981 850 esse
1002 789 1117 872 putas!

287 903 352 968 Vix
375 921 436 982 ego
459 903 601 962 Saturno
625 921 820 982 quemquam
840 909 1000 980 regnante
1021 896 1184 969 videbam,
1252 923 1255 928 ·

329 1008 430 1069 Cuius
451 1028 518 1068 non
540 1007 646 1068 animo
669 1007 776 1068 dulcia
797 1007 889 1068 lucra
911 997 1033 1066 l'orent'.

209 1123 265 1200 195
287 1119 452 1198 Tempore
467 1116 573 1179 erevit
591 1135 693 1193 amor,
717 1114 774 1197 qui
790 1126 936 1175 nuneest
949 1130 1101 1187 summus,
1122 1109 1280 1190 habendi3

282 1237 293 1258 ’
326 1224 391 1290 Vix
414 1225 518 1297 ultra,
547 1241 611 1302 quo
634 1222 697 1281 iam
718 1221 968 1304 progrediatur,
991 1219 1098 1283 habet.

286 1326 400 1392 Pluris
423 1350 513 1412 opes·
526 1351 612 1390 nuno
633 1341 724 1404 sunt,
754 1349 849 1410 quam
871 1326 973 1409 prisci
995 1327 1154 1408 temporis
1176 1324 1280 1401 annis,

329 1444 416 1500 Dum
436 1438 577 1520 populus
600 1455 743 1518 pauper,
768 1433 846 1494 dum
865 1454 946 1499 nova
967 1436 1069 1496 Roma
1090 1433 1167 1508 fuit,

286 1548 372 1606 Dum
394 1565 463 1607 casa
483 1545 697 1627 Martigenam
722 1541 874 1624 capiebat
895 1544 995 1624 parra
1019 1541 1206 1635 Quirinum,

205 1671 263 1718 coo
327 1655 372 1714 Et
394 1651 490 1712 dabat
512 1651 665 1733 exiguum
686 1651 828 1712 lluminis
849 1651 924 1714 ulva
941 1662 1065 1738 torum,
1165 1639 1168 1646 ⁴

287 1758 439 1840 luppiter
462 1771 596 1836 angusta
617 1757 671 1819 vix
692 1770 783 1817 totus
806 1757 912 1817 stabat
934 1755 968 1816 in
992 1755 1085 1832 aede,

327 1870 428 1948 Inque
451 1865 536 1929 lonis
560 1864 674 1924 dextra
696 1862 797 1923 liotile
819 1863 943 1922 l'ulmen
965 1875 1047 1922 erat.

285 1973 474 2034 Frondibus
503 1972 680 2046 ornabant,
715 1991 798 2053 quac
826 1989 912 2031 nunc
941 1969 1102 2051 Capitolia
1131 1971 1278 2052 gemmis,

325 2079 546 2160 Pascebatque
569 2096 641 2138 suas
663 2077 732 2159 ipse
755 2089 886 2138 senator
909 2097 1003 2156 oves3

206 2194 264 2253 aas
285 2173 353 2250 Nec
374 2187 482 2270 pudor
504 2186 539 2246 in
561 2187 682 2268 stipula
704 2185 863 2268 placidam
885 2185 1013 2265 cepisse
1035 2184 1191 2268 quietem,

326 2299 370 2356 Et
393 2295 506 2356 fenum
529 2293 631 2376 capiti
653 2292 862 2375 supposuisse
885 2291 961 2352 fuit.

275 2617 333 2687 189.
347 2619 468 2673 Sueton.
481 2615 630 2684 Caligdpa.
646 2614 748 2666 Edixit
767 2625 797 2667 et
811 2624 929 2668 strenas
949 2615 1073 2668 ineuuto
1090 2631 1168 2666 anno
1184 2633 1215 2666 so
1232 2632 1277 2666 ro·

206 2720 380 2780 ceptorum:
408 2709 554 2780 stetitque
572 2709 603 2762 in
620 2708 772 2762 uestibulo
788 2706 904 2766 aedium
919 2707 982 2763 eal.
999 2707 1147 2762 Ianuariis
1163 2710 1199 2760 ad
1214 2726 1279 2779 cup·

205 2803 310 2856 tendas
328 2803 434 2875 stipes,
451 2821 524 2876 quas
536 2803 636 2876 plenis
649 2811 718 2854 aute
732 2819 798 2854 eum
807 2802 943 2854 manibus
956 2818 988 2854 ac
1001 2803 1177 2884 sinutomnis
1191 2803 1280 2856 turbo

204 2896 362 2954 tundebat.
400 2914 459 2969 ¹9²·
471 2879 520 2954 al.
533 2909 622 2964 putam
643 2912 695 2949 sex
706 2905 805 2952 nostr.
820 2894 879 2965 leg.
895 2893 977 2965 quod
989 2895 1031 2947 Hs
1049 2911 1111 2952 ree.
1126 2898 1130 2904 ”
1149 2895 1207 2966 196.
1222 2895 1280 2951 Ur.

205 2991 263 3042 Vir
276 3011 412 3047 summum.
424 3021 459 3030 -
474 2990 569 3048 codd.
581 2991 647 3044 sere
660 3005 761 3044 omnes
777 3009 836 3056 qua,
850 2999 980 3060 quatuor
993 3007 1052 3055 quo,
1066 2987 1147 3058 quod
1161 2987 1239 3044 Cios.
1250 2997 1279 3040 et

203 3081 247 3134 Hs
259 3083 359 3152 praef.
397 3100 456 3153 199·
470 3082 517 3139 cf.
528 3083 580 3149 lll,
596 3083 655 3139 183.
691 3101 750 3139 ooo.
765 3083 841 3136 Octo
852 3086 920 3153 alga,
935 3085 1093 3139 tresberbo.
1113 3081 1160 3138 Cf.
1169 3081 1208 3147 V,
1218 3083 1280 3152 519.

204 3193 266 3234 sot,
285 3175 396 3252 Quinq,
416 3179 518 3246 exiguo.
540 3191 577 3216 -'
599 3177 657 3233 Un.
672 3189 775 3242 coptus,
800 3177 876 3230 alius
895 3190 988 3242 tactus,
1012 3177 1094 3247 quod
1111 3177 1153 3229 Hs
1168 3176 1280 3247 placet·

204 3285 266 3326 roa.
284 3269 345 3322 Pro
358 3273 429 3322 Iovis
441 3271 483 3322 Hs
493 3286 567 3323 mar.
583 3272 636 3334 dai,
650 3271 734 3322 euius
751 3267 879 3323 altorum
892 3269 970 3324 illud
986 3273 1056 3323 Ionis
1071 3270 1213 3340 glossema
1228 3269 1279 3326 sit.

203 3365 338 3422 Iuvenal.
351 3365 414 3421 Sat.
429 3365 467 3429 ll,
484 3364 543 3420 115.
557 3363 639 3416 Hauc
657 3365 748 3418 robus
763 3365 857 3418 Latiis
874 3382 976 3418 euram
990 3374 1147 3434 praestaro
1162 3363 1280 3416 solebat

202 3458 324 3518 Fictilis
345 3468 375 3510 et
392 3457 478 3510 nullo
494 3457 626 3512 violatus
645 3458 784 3530 luppiter
801 3475 887 3516 auro.
914 3458 1021 3515 Senec.
1035 3458 1125 3515 Gons.
1140 3457 1227 3514 Helu.
1237 3475 1280 3515 10.

203 3551 279 3606 Num
290 3552 421 3604 maiores
430 3551 541 3616 nostri,
557 3552 695 3606 infelices
710 3563 809 3620 erunt,
825 3553 877 3625 qui
891 3553 949 3606 sibi
962 3571 1051 3606 manu
1069 3569 1122 3606 suo
1132 3553 1280 3624 parabant

205 3646 314 3712 eibum,
331 3645 440 3714 quibus
454 3655 539 3698 terra
555 3645 654 3698 cubile
669 3657 745 3713 erat,
763 3656 981 3718 quorumtecta
993 3647 1124 3700 nondum
1135 3663 1209 3700 auro
1222 3645 1280 3700 tul·

205 3741 332 3810 gabant,
350 3757 475 3812 quorum
489 3739 598 3810 templa
612 3742 743 3794 nondum
756 3743 876 3813 gemmis
887 3742 1047 3796 nitebant?
1082 3743 1187 3814 ltaque
1207 3754 1280 3798 tune

204 3851 261 3904 per
271 3834 380 3888 lictilos
396 3833 468 3886 deos
483 3833 626 3903 religiose
637 3833 806 3890 iurabatur.
837 3837 902 3896 205.
921 3837 997 3889 Tres
1013 3850 1127 3903 captura,
1146 3855 1197 3893 un.
1212 3857 1280 3889 occe·

201 3929 276 3995 pisse,
290 3928 365 3980 alius
377 3928 523 3994 sumpsisse,
559 3927 618 3984 206.
638 3928 699 3981 Alii
714 3933 777 3986 Nec.
780 3930 813 3996 f
833 3930 912 4006 Quot
926 3928 1013 3985 codd.
1029 3930 1085 3982 boe
1103 3929 1179 3982 illud
1191 3931 1280 3982 lrabe-

205 4029 275 4084 ant,
295 4038 355 4074 nou
373 4021 497 4078 dicitur.
515 4025 611 4073 Etutam
623 4024 774 4089 anfoenum
790 4023 981 4078 scribendum
996 4025 1051 4090 sit,
1073 4025 1151 4078 docti
1166 4025 1280 4078 dissco-

205 4113 297 4172 tiunt.
315 4144 349 4155 -
366 4113 492 4184 Profuit
505 4115 611 4187 quinq.
624 4135 678 4176 suo,
