2906 4836
239 269 281 336 et
577 265 613 326 P.
637 262 777 334 OVIDII
798 264 974 328 NASONIS

323 453 365 509 At
396 443 573 530 quondam,
607 445 683 506 dum
709 446 803 526 longa
831 459 948 526 gerunt
975 445 1178 528 pugnacibus
1211 446 1308 509 armis

362 555 473 631 Bella,
496 557 685 615 Parentales
708 553 888 616 deseruere
911 553 1008 628 dies„

323 663 394 722 Non
415 660 546 742 impune
568 659 644 724 fuit.
684 662 763 724 Nam
784 660 908 720 dicitur
931 660 1038 722 omine
1060 661 1100 720 ab
1123 660 1191 726 isto

242 771 302 833 550
364 771 467 828 Roma
489 766 681 826 suburbanis
704 766 881 829 incaluisse
901 766 1001 844 rogis.

324 875 388 942 Vix
411 873 563 956 equidem
584 871 702 934 crede:
726 873 828 934 bustis
849 873 956 936 exisse
980 873 1150 950 feruntur,

363 984 407 1042 Et
428 981 548 1041 tacitae
571 979 681 1061 questi
702 992 853 1061 tempore
873 978 977 1040 nectis
999 978 1070 1056 avi3
1092 999 1095 1006 ·

323 1090 455 1170 Perque
476 1085 545 1150 vias
563 1084 679 1162 urbis,
700 1086 887 1166 Latiosque¹
904 1084 1053 1148 ululasse
1067 1104 1131 1166 per
1152 1103 1258 1167 agree,

289 1213 291 1218 ·
362 1193 538 1278 Del'ormes
561 1191 699 1268 animas,
721 1194 846 1272 vulgus.
860 1191 974 1266 inane,
997 1191 1127 1260 ferunt..

243 1303 302 1366 555
321 1303 401 1363 Post
423 1307 467 1362 ea'
482 1299 660 1383 praeteriti
679 1299 813 1365 tumulis
835 1297 1020 1364 redduntur
1042 1298 1200 1376 honores,
1222 1340 1232 1364 .·
1265 1349 1268 1357 .

363 1405 597 1488 Prodigiisque
619 1405 710 1469 venit
730 1405 969 1488 funeribusque
990 1405 1115 1472 modus.

322 1517 409 1575 Dum
428 1525 536 1574 tamen
556 1513 634 1574 haec
654 1511 756 1589 liunt,
779 1511 896 1578 viduae
918 1525 1042 1576 cessate
1063 1513 1211 1596 puellae:

363 1624 543 1703 Exspectat
564 1639 667 1702 puros
687 1618 905 1701 pinea-..taeda
924 1618 1006 1680 dies.
1075 1669 1078 1677 ,

323 1731 392 1790 Nee
414 1727 499 1805 tibi,
522 1748 605 1809 quae
628 1725 767 1807 cupidae
788 1737 914 1786 matura
935 1724 1093 1792 videbere
1114 1724 1223 1802 matri,
1251 1771 1254 1778 ,

242 1839 301 1904 560
364 1838 478 1897 Comat
498 1831 663 1913 virgineas
684 1832 774 1892 hasta
796 1850 936 1896 recurva
956 1851 1075 1896 cumas.

325 1941 438 2005 Cende
459 1953 555 2014 tuas,
585 1940 787 2017 Hymenaee,
818 1937 925 2015 faces,
960 1950 994 1998 et
1014 1938 1054 2000 ab
1076 1937 1207 2018 ignibus
1230 1937 1311 2000 atris

363 2048 478 2112 Aufer.
519 2045 649 2106 Habent
674 2045 752 2104 alias
772 2058 893 2106 maesta
914 2045 1067 2127 sepulcra
1088 2045 1189 2106 laces.

322 2159 366 2218 Di
389 2173 518 2235 quoque
539 2152 735 2232 templorum
757 2151 884 2214 foribus
905 2153 1056 2214 celentur
1079 2151 1219 2232 opertis,

362 2264 453 2320 Ture
474 2271 591 2323 vacent
614 2278 713 2334 arae,
737 2271 893 2339 stentque¹
913 2258 984 2320 sine
1006 2258 1082 2340 igne
1105 2258 1184 2328 foci.

241 2372 300 2438 5t5
316 2371 413 2432 Nunc
436 2365 558 2432 animae
575 2377 697 2430 tenues
721 2379 754 2426 et
775 2385 916 2448 corpora
938 2365 1048 2426 functa
1071 2365 1233 2447 sepulcris

363 2477 505 2534 Errant:
527 2493 611 2530 nunc
631 2472 739 2552 posito
761 2473 904 2554 pascitur
926 2471 1040 2532 umbra
1063 2473 1149 2538 cibo.

320 2584 389 2648 Nec
408 2591 516 2639 tamen
535 2578 617 2639 haee
636 2580 742 2655 ultra,
766 2601 860 2661 quam
881 2590 932 2644 tot
955 2577 995 2638 de
1011 2599 1121 2638 mense
1144 2577 1308 2660 supersint

278 2733 282 2743 ,
361 2685 532 2761 Luciferi,
551 2696 634 2767 ⁴quot
654 2684 773 2744 habent
795 2684 935 2746 carmina
957 2697 1069 2746 nostra
1090 2683 1201 2766 pedes.
1308 2713 1311 2720 ·

320 2799 434 2871 Hane,
457 2791 533 2874 quia
554 2791 640 2852 iusta
657 2791 793 2866 ferunt,
817 2790 930 2852 dixere
951 2795 1067 2850 Feralia·
1082 2789 1199 2856 lueem.
1212 2823 1226 2834 ·-

239 2904 300 2986 57⁰
360 2902 479 2964 Ultima
500 2897 667 2983 placandis
688 2895 835 2958 Manibus
856 2896 912 2958 illa
934 2895 1016 2964 dies.

261 3165 278 3180 '¹
306 3161 371 3229 547³·
393 3161 467 3212 Tres
486 3159 603 3216 melior.
622 3161 719 3228 legunt,
739 3159 950 3227 nonmserrmt.
973 3191 1004 3202 -
1030 3161 1156 3214 Plurimi
1172 3163 1307 3232 pegmati-
1339 3189 1343 3196 ·

241 3253 296 3308 bus.
335 3251 396 3317 548.
415 3251 490 3304 Tres
503 3252 660 3308 desertum·
688 3251 748 3320 549.
767 3251 1042 3326 Umjirturcrimine.
1086 3255 1147 3313 550,
1165 3253 1308 3322 Umfieis.

239 3344 512 3412 551.1Un.fitentur.
545 3345 607 3400 552.
626 3345 685 3399 Un.
699 3347 784 3403 tacito.
818 3346 877 3405 553.
900 3347 988 3424 Quat·
1003 3349 1152 3415 latiorque,
1173 3343 1306 3417 (1110st

238 3437 418 3496 recenseri
438 3439 546 3504 latosque
557 3446 614 3492 aut
633 3441 697 3490 latos
717 3442 769 3496 ul..
793 3441 855 3509 557.
874 3441 1072 3514 Pleriqfient.
1088 3471 1120 3482 -
1133 3442 1200 3494 Dus
1211 3441 1308 3495 ανὲᾱαε.

238 3533 299 3589 568.
320 3531 429 3608 Quiuq.
441 3532 590 3598 Exspectat,
607 3533 730 3601 plurimi
742 3535 890 3602 Exspectat,
907 3533 989 3604 quod
998 3534 1040 3588 Hs
1058 3531 1307 3599 ree.‚.eeteri'Es·

238 3633 364 3693 optet.'-
377 3623 539 3692 Ambiguut
557 3624 758 3696 interpretes,
778 3630 853 3695 pinea
870 3643 907 3680 an
927 3626 1190 3696 spineavseripscrit
1203 3632 1306 3692 poeta.

237 3719 297 3789 559.
312 3717 372 3770 Pro
386 3717 489 3782 crapulas
501 3727 631 3787 qutatuor
639 3722 760 3788 primum.
791 3721 852 3778 568.
868 3719 943 3776 Tres
954 3721 1109 3772 celebrentur.
1120 3719 1226 3770 -Duo
1235 3736 1307 3785 aper-

238 3813 291 3869 tis,
318 3810 569 3878 substantiaque,
596 3811 658 3869 566.
674 3813 732 3866 Un.
746 3802 867 3881 imposito,
879 3813 1048 3881 nliusparro.
1081 3813 1142 3882 567.
1160 3809 1306 3866 Meliores

237 3905 306 3968 lause,
323 3905 417 3958 ceteri
427 3908 483 3961 hoc.
492 3935 527 3946 -
537 3904 561 3956 E
572 3903 747 3958 melior.le
762 3921 823 3962 ree.
836 3908 915 3958 tot'-
926 3910 1063 3973 supersint,
1076 3906 1171 3960 ceteri
1184 3923 1259 3972 quum
1270 3913 1306 3954 tot

238 4005 289 4048 aut
301 4015 374 4062 quem
388 4013 445 4065 quot
460 4009 511 4052 aut
525 4016 599 4064 quam
614 4015 691 4063 quum
708 4028 741 4037 -
755 4011 900 4065 -supnsunt,
923 3999 971 4058 cf.
987 4000 1040 4064 Vl,
1056 4000 1118 4069 795.
1160 3998 1222 4068 569.
1242 3995 1302 4049 Ios.

237 4087 632 4158 ScaligercontdicmnFer,
667 4091 726 4156 570.
746 4091 811 4144 Duo
830 4096 941 4161 Optima.
1303 4101 1309 4117 ³
