2906 4836
493 279 724 357 Fasronou
751 293 831 358 ule.
853 295 909 355 111.

164 479 273 540 Ausus
297 496 332 537 es
356 485 429 535 ante
452 479 565 536 oeulos
588 474 728 536 adducta
748 475 870 557 pellice
891 487 1018 536 nostros

207 587 286 644 'Pam
307 582 392 643 bene
415 581 628 664 compositum
650 581 831 643 sollicitare
853 596 972 644 torum.

166 689 260 752 Heu!
292 669 356 748 ubi
378 701 475 771 pacta
496 687 602 750 litles?
633 689 710 768 uhi,
742 709 824 771 quae
855 689 966 750 iurare
997 689 1152 750 solebas?
1174 691 1234 764 '435

206 798 258 858 Me
280 795 451 855 miseram!
476 795 605 877 quoties
626 796 705 856 haec
725 816 789 878 ego
810 795 912 860 versa
932 796 1071 878 loquor!

164 901 294 964 Thesea
316 884 483 985 culpabas,
508 903 722 985 fallacemque
745 904 816 988 ipse
839 900 990 966 vocabas:

208 1009 336 1071 Iudicio
357 991 474 1092 peccas
496 1009 627 1090 turpius
647 1007 720 1091 ips'e
742 1022 812 1070 tuo·
859 1070 862 1075 .

165 1119 214 1180 Ne
242 1117 323 1178 sciat
339 1097 410 1177 ¹hoc
439 1116 626 1198 quisquam,
656 1117 833 1200 tacitisque
859 1116 1028 1178 doloribus
1055 1115 1153 1176 urar!

205 1226 254 1286 Ne
276 1223 378 1284 toties
399 1223 472 1282 falli
494 1224 587 1304 (ligna
609 1224 710 1285 fuisse
733 1225 851 1308 puter!
992 1209 993 1215 ἵ
1025 1223 1028 1226 ’
1176 1233 1238 1308 lqo

166 1321 349 1413 Praecipue
372 1313 501 1412 cupiam'
520 1332 623 1392 celari
646 1332 791 1407 Thesea,
813 1349 854 1390 ne
876 1343 912 1391 te

207 1440 405 1500 Consortem
426 1442 539 1521 eulpae
562 1439 701 1520 gaudeat
723 1455 794 1499 esse
816 1457 902 1498 suae.
1045 1519 1046 1524 η

166 1548 229 1621 Ar,
252 1557 354 1627 puto,
376 1539 566 1626 praeposita
584 1559 635 1606 est
653 1546 764 1606 fuscae
785 1545 865 1605 mihi
883 1546 1018 1606 eandida
1035 1547 1156 1628 pellex.

206 1651 346 1714 Eveniat
367 1651 487 1713 nostris
509 1653 657 1714 hostibus
678 1653 736 1713 ille
760 1652 868 1713 color!

168 1757 259 1850 Quid
279 1763 388 1818 ta'men
408 1759 468 1819 hoc
490 1758 626 1820 refert?
657 1758 739 1824 vitio
761 1757 822 1818 tibi
846 1759 973 1840 gratior
994 1761 1068 1843 ipso
1089 1773 1151 1821 est.
1177 1761 1238 1844 495

210 1864 300 1957 Quid
320 1864 424 1926 facis?
446 1867 610 1950 amplexus
630 1865 779 1948 inquinat
800 1865 856 1924 ille
878 1878 962 1931 tuos.

167 1972 314 2049 Bacche,
336 1969 434 2032 iidem
454 1985 606 2054 praesta,
634 1991 696 2033 nee
718 1971 855 2054 praefer
877 1971 1040 2032 amoribus
1060 1974 1159 2034 ullam

211 2078 366 2158 Coniugis
389 2092 535 2140 assuetae
556 2097 683 2162 semper
707 2099 814 2140 amare
836 2079 954 2144 virum.

172 2187 342 2269 Ceperunt
362 2197 499 2247 matrem
520 2187 655 2247 l'ormosi
678 2206 799 2248 cornua
820 2185 926 2263 tauri3

210 2297 262 2368 Me
284 2307 359 2356 tua:
382 2315 434 2356 me
455 2293 605 2371 laudant,
630 2293 686 2353 ille
709 2293 880 2376 pudendus
902 2311 1001 2358 amor.
1179 2295 1241 2360 500

235 2551 295 2616 158&
321 2551 379 2606 Un.
394 2553 509 2603 deducta.
551 2547 609 2613 4ὃὶ
637 2549 763 2602 Plurimi
784 2553 922 2615 Iamyhene.
945 2549 979 2601 In
995 2549 1239 2624 llueversuspo·

170 2635 217 2688 sui
234 2633 380 2686 Punctum
396 2650 453 2702 pro
474 2634 726 2702 interrogationis
741 2631 848 2704 signo,
871 2633 951 2704 quod
971 2634 1001 2684 in
1017 2637 1154 2690 omnibus
1173 2641 1241 2703 edd,

170 2727 228 2776 est.
276 2716 336 2783 486.
364 2716 420 2774 Πη.
440 2738 536 2785 queror,
558 2734 650 2775 noun.
668 2733 702 2770 ex
721 2720 826 2788 optim.
845 2721 939 2786 loquar.
961 2719 1002 2770 Hs
1018 2711 1093 2778 nluv.
1109 2743 1166 2774 vera
1184 2745 1242 2793 pua.

169 2823 211 2858 ror
232 2811 283 2854 eut
302 2805 357 2851 sera
379 2819 473 2868 queror.
527 2801 588 2870 487.
615 2803 658 2857 Ex
684 2821 777 2861 nonn.
797 2804 839 2856 Hs
862 2821 887 2859 e.
908 2803 999 2873 Ncap.
1026 2821 1088 2860 rec.
1097 2808 1241 2879 fallacan,

169 2887 426 2955 ceterlsallsntem„
461 2887 522 2954 488.
539 2887 646 2942 Plures
660 2893 776 2956 turpiter,
791 2907 842 2947 un.
856 2891 945 2944 tutius.
975 2887 1051 2957 ¹489.
1069 2889 1157 2946 Prius
1172 2895 1240 2949 etle-

167 2975 261 3028 hatur
274 2973 389 3038 Nesciat,
407 2973 539 3044 quodlls
552 2972 582 3026 in
596 2973 654 3028 duo
671 2975 762 3028 verba
778 2975 917 3031 seiunxit.
937 2975 978 3024 Ne
991 2978 1243 3053 utpost501.4'93,

171 3056 263 3126 Virg.
279 3056 316 3108 G·
332 3055 386 3122 IV,
401 3057 461 3128 293.
479 3059 591 3110 coloratis
608 3061 690 3111 amnis
705 3064 810 3112 deretur
823 3063 855 3112 ab
872 3061 957 3115 Indis.
1001 3061 1062 3130 494.
1082 3061 1139 3120 Πη.
1151 3069 1243 3133 pudor,

167 3139 229 3209 495,
249 3138 338 3216 Quid.
348 3159 374 3190 re
387 3160 436 3199 aro.
452 3169 487 3182 -
503 3141 546 3194 Ex
559 3159 619 3194 uno
634 3153 749 3197 tanturn
765 3143 805 3197 Hs
821 3161 883 3199 ree.
901 3147 924 3196 ai
939 3153 1020 3214 gram
1037 3160 1092 3216 ego
1109 3159 1242 3212 eeteror.

170 3238 249 3277 omn.
268 3221 340 3281 lect.
356 3226 403 3277 tibi
417 3226 545 3283 servavi.
570 3226 676 3283 Horat.
693 3229 755 3286 Sat.
768 3229 797 3294 1,
817 3230 845 3295 3,
863 3229 905 3287 38.
925 3241 1057 3280 certatorem
1073 3237 1139 3298 quod
1150 3241 1245 3292 amicae

172 3306 268 3371 Turpia
277 3309 405 3375 deeIpiunt
418 3329 517 3361 caecum
531 3313 606 3376 vitia,
625 3325 670 3363 aut
682 3317 756 3366 etiam
771 3318 826 3382 ipsa
839 3319 899 3367 haee
913 3315 1052 3371 Delectant,
1088 3321 1149 3389 497,
1167 3323 1243 3384 Erld⁴

170 3386 283 3440 hahent
292 3410 344 3446 nea.
363 3392 562 3449 scribendum
573 3397 705 3452 sortasse
715 3400 763 3452 hic
776 3411 806 3453 et
816 3401 889 3452 alibi
901 3400 931 3451 in
942 3399 1089 3454 similibus
1100 3405 1175 3460 loeis
1186 3429 1243 3468 areu,

169 3469 217 3519 An
231 3471 318 3522 eote.
336 3473 455 3528 diverse
475 3478 594 3550 legant,
615 3499 676 3534 non
691 3484 840 3539 refertur.
882 3483 945 3551 498,
968 3483 1011 3534 Ex
1026 3503 1118 3547 noun.
1134 3504 1245 3556 assuetae

169 3550 213 3602 Hs
230 3559 309 3617 rec„
329 3555 379 3614 un'.
393 3571 535 3629 assuetum,
549 3564 644 3618 eeteri
657 3581 758 3618 omnes
773 3561 879 3622 assuevi.
898 3557 975 3637 ΛΨ).
994 3566 1104 3622 Noster
1113 3572 1154 3624 M.
1165 3575 1242 3642 vill,

171 3633 229 3690 136.
243 3639 312 3702 Iam,
326 3641 377 3702 tiam
386 3644 534 3712 Pastplsab'n
543 3668 590 3700 non
599 3659 636 3700 cst
644 3652 756 3703 mirabile
762 3663 861 3702 laurum
868 3653 1046 3718 Praeposuissa
1054 3657 1101 3704 tihi
1109 3656 1242 3727 (Minoi).

170 3717 232 3776 500.
248 3719 376 3776 Plurimi
386 3735 417 3779 et
426 3730 532 3798 optimi
541 3737 588 3784 Me
599 3735 668 3784 iuuat
678 3747 701 3786 et
716 3738 805 3799 laedit,
816 3751 894 3787 unus
910 3739 956 3786 Me
968 3738 1020 3786 aiat
1033 3749 1056 3788 et
1067 3739 1151 3806 laedit,
1167 3743 1243 3800 alius

170 3801 218 3852 Me
231 3812 275 3851 tua
285 3823 323 3854 me
337 3807 413 3861 laedit
427 3811 475 3868 vel
488 3815 588 3883 laudat,
604 3828 667 3870 tres
681 3837 715 3872 ex
732 3821 835 3893 optim.
852 3824 898 3872 Me
914 3834 958 3872 tua
972 3840 1010 3872 me
1027 3825 1149 3891 laudant,·
1164 3834 1246 3899 quod

172 3895 229 3950 ego
239 3889 354 3956 recepi,
369 3896 464 3948 ceteri
473 3901 519 3950 Ma
528 3911 582 3968 tua,
597 3906 738 3963 sedlaedit.
755 3905 797 3958 Hs
811 3921 845 3958 ex
857 3923 910 3958 suo
924 3905 1048 3975 ingenio
1062 3917 1246 3972 renMataa:

171 3983 200 4022 at
214 3975 259 4029 Iria
272 3979 344 4032 laudi
355 3997 405 4053 est,
421 3990 471 4049 ille.
487 4023 521 4034 -
534 3993 667 4049 Bacchus
683 4013 730 4069 ap.
740 3997 873 4051 Graecos
889 4008 934 4052 est
959 3991 1120 4077 βούκερως,
1131 4003 1245 4088 ταυρό.

171 4081 273 4146 κῑθως·
297 4070 407 4130 Noster
427 4079 464 4134 de
478 4081 596 4141 Baccho
612 4083 653 4148 Μ.
670 4089 723 4159 IV,
740 4107 782 4160 19,
801 4093 858 4161 tibi,
872 4108 946 4160 quum
958 4093 1010 4146 sine
1024 4097 1137 4156 coraibus
1149 4109 1234 4161 adstas

175 4153 209 4203 V
206 4154 328 4226 lagiaeum
346 4175 420 4234 caput
434 4177 479 4230 est.
1232 4145 1246 4176 ὃ
