2906 4836
463 259 695 322 FASTORUM
722 259 801 318 LlB.
824 257 862 321 ll.
1157 257 1198 322 63

126 446 230 505 Facta
252 441 312 504 dea
333 454 386 504 est
405 443 551 504 Fornax:
575 441 654 502 laeti
675 441 822 500 Fornace
846 437 953 499 coloni
1138 437 1198 497 525

171 551 295 626 Orant,
318 561 354 610 ut
376 548 492 630 {luges
514 559 678 630 temperet
700 548 757 608 illa
780 567 865 611 suas.

127 657 232 720 Curio
252 655 408 736 legitimis
430 673 515 716 nuno
536 653 731 717 Fornacalia
751 653 863 718 verbis

170 763 324 823 Maximus
345 760 480 838 indicit,
502 779 563 822 noe
584 772 666 822 stata
688 779 782 820 sacra
803 759 884 820 facit
896 781 906 838 3

126 871 232 950 Inque
252 869 358 946 Foro,
379 867 481 928 multa
502 869 627 928 circum
648 865 812 949 pendente
835 864 970 942 tabella,

171 974 325 1054 Signatur
350 985 440 1036 certa
461 974 561 1036 Curia
584 994 732 1056 quaeque
753 985 847 1048 nota;

129 1081 303 1162 stultaque
327 1099 404 1162 pars
426 1083 560 1162 populi,
588 1100 671 1162 quae
700 1079 743 1141 sit
772 1097 827 1140 sua
850 1077 970 1156 Curia,
992 1076 1116 1140 nescit:

172 1183 239 1248 Sed
259 1184 339 1246 facit
361 1197 506 1247 extrema
528 1205 622 1247 sacra
643 1185 748 1246 relata
771 1184 836 1246 die.

130 1401 190 1460 Est
209 1397 316 1460 honor
339 1409 373 1460 et
394 1397 538 1465 tumulis.
579 1398 710 1460 Animas
732 1401 857 1480 placate
879 1401 1053 1482 paternas‚'

172 1508 342 1588 Parvaque
364 1503 399 1568 in
420 1505 594 1568 exstinctas
614 1525 751 1566 munera
771 1507 860 1568 ferte
881 1528 988 1590 pyras,

132 1615 239 1678 Parra
259 1625 378 1696 petunt
398 1615 520 1678 Manes.
560 1613 672 1674 Pietas
694 1633 755 1694 pro
777 1613 879 1678 divite
903 1625 993 1693 grata
1015 1623 1067 1673 est
1137 1611 1199 1677 535

173 1721 322 1780 Munere.
364 1720 437 1780 Non
457 1717 569 1786 avidos
588 1721 667 1801 Styx
686 1719 786 1782 habet
806 1721 869 1780 ima
891 1721 979 1804 deos.

133 1823 445 1907 Tegulaporreotis
467 1825 544 1886 satis
566 1837 618 1886 est
638 1826 745 1892 velata
766 1826 908 1904 saronis,

174 1935 218 1992 Et
238 1950 371 2016 sparsae
393 1926 520 2011 fruges,
542 1952 705 2014 parcaque
726 1933 808 1994 mica
830 1933 917 2011 salis,

134 2039 236 2120 Inque
257 2057 350 2099 mero
370 2037 499 2099 mollita
520 2039 641 2118 Coras,
663 2039 836 2123 violaeque
860 2039 999 2102 solutae.

137 2144 139 2146 ’
174 2146 267 2205 Haeo
289 2142 408 2204 habeat
428 2143 537 2206 media
557 2158 641 2208 testa
662 2146 780 2208 relicta
800 2147 862 2212 via.
1142 2146 1202 2220 54⁰

135 2253 203 2314 Nec
228 2251 473 2316 maiora-veto:
506 2251 563 2312 sed
591 2265 625 2314 et
651 2252 703 2312 his
730 2252 901 2336 placabilis
927 2251 1042 2314 umbra
1063 2263 1121 2318 est.

59 2341 62 2347 ⁵
176 2358 269 2420 Adde
291 2377 407 2442 preces
427 2359 545 2442 positis
566 2339 601 2422 et
623 2381 681 2422 sua
702 2360 803 2424 verba
825 2359 917 2421 focis.

136 2469 377 2552 Hunemorem
398 2467 540 2542 Aeneas,
563 2467 698 2549 pietatis
720 2467 858 2528 idoneus
881 2477 1008 2543 auctor,

176 2575 297 2636 Attulit
319 2575 353 2634 in
375 2586 501 2652 terras,
525 2574 611 2634 iuste
633 2576 767 2650 Latine,
790 2586 870 2636 tuas.

136 2682 196 2743 llle
217 2681 322 2765 patris
345 2680 451 2744 Genio
472 2679 640 2742 sollemnia
662 2679 745 2741 dona
766 2679 916 2760 liarebat3
1143 2683 1204 2756 545

178 2791 265 2854 Hine
285 2789 401 2874 populi
422 2789 509 2851 ritus
533 2787 703 2850 edidicere
724 2787 809 2868 pios.

137 2955 1209 2992 ffl—

206 3059 268 3116 526.
287 3059 377 3136 Quat.
392 3059 465 3116 vires.
509 3064 570 3128 5²7·
596 3056 724 3110 Plurimi
740 3068 813 3122 tuna,
832 3059 874 3112 Hs
890 3075 905 3112 e
920 3058 1039 3116 melior,
1052 3076 1113 3114 reo.
1131 3081 1207 3122 nono.

139 3152 200 3211 632.
226 3151 343 3222 Pleriq.
360 3153 462 3222 relicta,
488 3161 602 3224 septem
623 3153 717 3219 relata,
742 3151 823 3223 quod
841 3153 883 3206 Hs
904 3169 966 3212 rec.
1010 3153 1071 3221 534.
1096 3156 1206 3211 Omnes

140 3247 205 3300 lere
221 3257 374 3312 exstructos,
390 3245 448 3299 duo
467 3255 583 3300 tantum
597 3226 743 3312 anatinam,
762 3247 844 3318 quod
853 3246 895 3300 Hs
912 3263 974 3305 rec.
999 3247 1080 3300 Idem
1096 3265 1130 3302 ox
1145 3267 1208 3304 uno

140 3340 295 3408 reauferre,
314 3355 404 3410 quum
420 3338 515 3393 ceteri
530 3354 632 3392 omnes
640 3339 716 3407 sarra
735 3349 766 3392 ot
783 3340 815 3392 in
830 3355 922 3393 versu
933 3341 1039 3411 priore
1051 3343 1151 3410 planura
1164 3343 1209 3396 le-

141 3443 223 3504 gant.
264 3433 326 3490 535.
350 3432 392 3484 Hs
405 3448 480 3487 mav.
497 3435 579 3504 gratis
593 3445 737 3504 prognata
755 3444 803 3490 est.
841 3432 903 3498 537.
933 3432 1041 3488 Omnes
1064 3436 1129 3488 sere
1149 3455 1209 3503 por·

140 3529 228 3594 rectis,
241 3527 323 3600 quod
336 3527 469 3594 servavi3
485 3527 544 3580 duo
557 3528 687 3594 promeris,
705 3543 756 3578 un.
768 3527 899 3594 proiectis,
918 3527 999 3596 quod
1009 3528 1051 3581 Hs
1068 3545 1129 3586 ree.
1142 3530 1212 3580 Por·

140 3623 214 3674 rivere
229 3635 347 3674 sacrum
365 3629 411 3674 est
427 3620 613 3682 vocabulum.
634 3619 681 3679 Cs.
696 3619 786 3690 Virg.
799 3620 835 3672 A.
850 3619 889 3688 V,
907 3619 1011 3677 1311-
1026 3619 1093 3673 Duo
1107 3622 1209 3681 vallata.

140 3715 202 3774 538.
218 3715 279 3768 Pro
289 3733 422 3782 parcoque,
435 3714 516 3786 quod
526 3730 560 3767 ex
570 3715 642 3774 trib.
652 3732 716 3774 rec.
725 3715 780 3780 Hs,
795 3715 847 3768 alii
858 3733 1004 3783 sparsaque,
1014 3713 1067 3766 alii
1076 3733 1212 3781 parvoque.

142 3808 185 3862 He
204 3809 282 3868 coni.
300 3810 335 3860 Er
346 3829 436 3878 parcae
448 3809 494 3878 fr.
509 3827 632 3878 porroque
648 3830 684 3867 m.
730 3810 793 3876 540.
817 3809 880 3862 Alii
895 3820 972 3866 texta.
990 3838 1023 3847 -
1038 3807 1094 3866 Un.
1107 3820 1212 3876 reperta,

142 3901 186 3954 Ha
202 3917 277 3960 mav,
292 3905 389 3956 relecta·
435 3905 496 3972 542.
514 3903 570 3961 Uno
586 3905 612 3954 in
631 3922 679 3954 suo
697 3903 806 3973 verost,
822 3902 899 3956 alius
915 3913 938 3954 et
949 3902 993 3968 pia
1007 3902 1088 3958 rerba,
1109 3900 1217 3965 Burman

143 3995 226 4054 coni.
243 4006 267 4047 et
284 3998 387 4064 soovel
400 4001 444 4066 μία
457 3996 550 4064 votas.
600 3997 660 4064 545.
682 3996 771 4074 Quid.
793 3999 879 4061 verbo,
900 4013 951 4053 un.
967 3997 1054 4057 busta,
1077 3997 1155 4050 unde
1169 3997 1213 4055 Hs

144 4089 224 4148 coni.
238 4090 320 4155 iusta,
337 4101 369 4146 ut
379 4090 440 4160 569.
475 4091 536 4160 54⁶,-
555 4090 621 4144 Duo
638 4093 785 4150 addidicera.
802 4119 835 4134 «-
850 4089 1034 4156 Fausianam,
1048 4107 1180 4152 umeros.
