2876 4826
485 299 720 362 FASTORUM
740 301 822 364 LlB.
847 302 872 360 1.
1182 305 1222 370 15

134 485 231 544 Tunc
264 503 325 568 ego
356 483 551 568 regnabam,
586 483 715 565 patiens
749 503 849 565 quum
878 495 972 544 terra
1003 481 1140 546 deorum

137 575 144 592 ’
176 593 295 667 Esset,
319 603 353 652 ct
374 592 520 652 humanis
542 591 674 652 numina
695 591 796 653 mixta
816 588 910 652 locis.

134 697 286 760 Nondum
306 697 469 759 Iustitiam
490 697 616 760 facinus
633 699 774 760 mortale
797 699 945 778 fugarat:

178 838 217 850 -
240 803 361 866 Ultima
384 805 424 865 de
449 805 580 889 superis
603 806 660 866 illa
682 805 823 888 reliquit
847 807 977 866 humum
997 841 1039 855 -·
1165 812 1222 873 250

139 915 273 995 Proque
300 925 390 974 metu
418 915 576 996 populum
605 913 676 974 sine
698 913 731 976 vi
753 912 862 995 pudor
884 913 956 996 ipse
979 913 1139 995 regebat3

179 1023 294 1082 Nullus
316 1034 387 1082 erat
409 1021 506 1082 iustis
528 1021 673 1082 reddere
697 1021 770 1082 iura
794 1021 900 1083 labor.

136 1129 193 1192 Nil
215 1129 293 1190 mihi
317 1149 389 1190 cum
410 1129 521 1206 bello,
543 1150 658 1212 pacem
680 1143 860 1213 postesque
883 1131 1012 1191 tuebar.

181 1239 226 1296 Et
248 1237 370 1300 clarem
393 1237 586 1312 ostendens,
609 1240 718 1312 Haec,
743 1237 803 1312 ait,
829 1259 916 1298 arma
940 1259 1033 1319 gero.

138 1345 318 1405 Presserat
347 1365 406 1405 ora
437 1345 544 1406 deus:
584 1359 663 1406 tunc
691 1346 738 1406 sic
766 1366 827 1425 ego
855 1358 970 1407 nostra
996 1347 1139 1425 resolvo,
1164 1351 1221 1412 255

181 1453 274 1517 Voce
296 1471 368 1511 mea
389 1471 484 1516 voces
507 1454 664 1515 eliciente
688 1453 761 1514 dei:

139 1559 253 1651 Quum
275 1572 324 1620 tot
346 1559 412 1620 sint
434 1561 521 1638 lani,
545 1583 603 1622 cur
626 1575 691 1622 stas
714 1575 859 1622 sacratus
884 1561 918 1620 in
941 1582 1019 1636 uno,

185 1669 250 1728 Hic
274 1667 328 1727 ubi
352 1668 462 1731 iuncta
484 1669 569 1730 foris
592 1671 714 1750 templa
738 1667 866 1728 duobus
888 1667 1013 1727 habes?

139 1777 203 1834 llle
225 1795 321 1834 manu
341 1776 488 1836 mulcens
510 1796 690 1859 propexam
713 1775 751 1834 ad
774 1787 912 1857 pectora
934 1773 1079 1851 barbam,

186 1881 342 1942 Protinus
366 1883 498 1946 Oebalii
521 1884 654 1945 rettulit
676 1903 764 1942 arma
786 1881 873 1956 Tati,
1166 1886 1226 1947 ctio

139 1989 251 2070 thue
273 1991 354 2086 lepis
378 2004 486 2052 custos
510 1990 649 2050 armillis
673 2002 768 2073 capta
790 1989 919 2051 Sabinis

184 2095 235 2155 Ad
254 2115 395 2159 ,summae
418 2101 549 2162 Tatium
572 2098 705 2159 duxerit
727 2097 812 2158 arcis
834 2096 912 2163 iter.

139 2205 241 2275 Inde,
264 2209 355 2268 velut
376 2229 461 2268 nuno
483 2220 547 2283 est,
576 2227 758 2290 perquem
782 2203 997 2297 descenditis,
1022 2205 1140 2286 inquit,
1189 2197 1191 2200 ⁵

184 2313 317 2374 Arduus
341 2313 374 2373 in
396 2315 497 2378 valles
522 2327 556 2376 et
578 2314 652 2374 l'ora
675 2313 777 2377 clivus
802 2325 885 2379 erat.

1127 2492 1228 2508 m

1003 2576 1012 2599 h

214 2630 274 2687 250.
299 2633 420 2688 Hesiod.
438 2626 519 2711 Ἐργ.
533 2627 645 2700 ιᾳὸκαὶ
657 2624 734 2686 τότε
749 2624 786 2698 δὴ
798 2623 877 2708 πρὸς
887 2620 1056 2706 Ὄλυμπον
1069 2625 1134 2686 ἀπὸ
1149 2631 1231 2708 χθο-

141 2712 199 2784 νὸς
214 2714 385 2800 εὐρυοᾰίης
398 2715 590 2782 Ἀθανάτων
602 2716 681 2798 μετὰ
698 2719 804 2796 φῦλον
814 2715 885 2790 ἴτην
898 2714 1089 2806 προλιπόντ’
1106 2718 1226 2804 ἀνθρώ-

140 2830 227 2880 πους
237 2809 338 2882 Αἰδὼς
356 2811 410 2869 καί
426 2810 568 2890 Νέμεσις.
592 2820 763 2886 omnum,
780 2825 829 2891 ¹49
842 2830 871 2873 et
887 2819 981 2891 Virgo
1000 2819 1091 2874 caedo
1107 2821 1225 2872 maden·

142 2923 194 2966 tes
210 2912 322 2965 Ultima
341 2914 506 2968 coelestum
526 2926 626 2970 terras
643 2918 772 2970 Astraea
791 2915 931 2985 reliquit.
973 2917 1033 2972 252.
1052 2917 1110 2972 Un.
1126 2918 1228 2973 Tuscis.

143 3006 209 3062 253.
227 3003 302 3064 Edd.
315 3008 422 3078 quaed.
438 3021 583 3078 portasque,
625 3011 686 3070 255.
706 3011 843 3087 Quattuor
858 3026 893 3062 ex
905 3010 1011 3080 optim,
1023 3013 1130 3074 torosio
1144 3023 1228 3062 nostra

142 3119 190 3150 ora
198 3103 299 3166 resolvo,
313 3103 395 3172 quod
407 3103 449 3156 Hs
465 3113 494 3158 et
505 3105 609 3160 Burm.
624 3121 745 3176 recep.;
763 3105 859 3158 ceteri
875 3119 978 3156 omncs
991 3114 1090 3162 nostr,
1102 3105 1226 3171 habent,

143 3195 230 3265 quod
251 3196 386 3264 servavi;
412 3208 527 3268 septem
548 3214 583 3250 ex
597 3198 818 3269 praestantior.
836 3201 934 3265 resolvo,
957 3200 1055 3252 ceteri
1070 3203 1166 3258 resolvi,
1184 3201 1226 3254 Hs

143 3305 222 3346 mov.
234 3293 271 3340 sio
284 3307 327 3341 ora
340 3311 383 3360 ego
395 3304 478 3342 nostra
490 3295 589 3349 resolvo.
624 3293 684 3360 257.
703 3293 765 3346 Alii
781 3296 872 3346 cursio
885 3313 950 3351 socr.
965 3297 991 3344 in
1003 3315 1050 3344 uno
1063 3315 1099 3352 es,
1112 3325 1145 3335 —
1159 3297 1227 3350 Duo

144 3389 245 3443 inimo.
272 3385 314 3438 Hs
330 3403 407 3442 mar.
423 3391 616 3454 cur,dio,soor.
630 3391 656 3438 in
675 3407 723 3439 uno
739 3409 775 3446 es.
810 3389 870 3446 258.
888 3389 951 3441 Alii
965 3392 1056 3458 templa
1058 3391 1133 3459 form
1144 3393 1228 3442 iuncta

144 3485 174 3536 d.
185 3484 213 3558 h,
233 3512 269 3521 -
289 3481 330 3534 Hs
344 3482 424 3534 unde
441 3492 577 3536 nostram
597 3483 720 3540 verbor.
736 3483 969 3536 collocationem
986 3483 1146 3549 habuerit,
1165 3500 1227 3536 nou

147 3572 235 3632 dixit.
264 3576 324 3646 259.
337 3577 404 3629 Duo
411 3596 554 3644 perperam,
562 3596 614 3635 un.
620 3581 778 3645 promissum,
788 3579 864 3632 alius
871 3581 1005 3647 prolixam.
1014 3610 1048 3619 -
1055 3579 1113 3636 Un.
1122 3579 1227 3650 optim.

145 3674 174 3721 in
183 3683 293 3738 pectore,
314 3671 391 3725 alius
409 3689 442 3724 cx
459 3673 565 3743 optim.
578 3675 612 3724 in
620 3684 731 3740 pectora,
751 3672 832 3743 quod
847 3671 890 3724 Hs
905 3672 1056 3744 praefert.
1092 3672 1152 3730 260,
1170 3672 1228 3729 Un.

152 3766 217 3830 Titi,
230 3766 312 3838 quod
331 3767 372 3818 Hs
392 3765 504 3832 edidit,
527 3783 565 3820 ne
584 3767 662 3819 idem
676 3782 785 3827 nomeu
799 3765 847 3818 his
867 3765 1069 3832 nominetur.;
1089 3769 1229 3826 un.sem's,

150 3858 213 3916 2⁶1.
231 3861 324 3920 eodo.
334 3862 421 3914 multi
434 3865 547 3918 Sabinos.
566 3861 613 3919 Cf.
623 3861 658 3912 de
674 3859 777 3912 fabula
792 3855 891 3922 Liv.I,
908 3877 950 3916 ιι.
970 3859 1139 3918 OvidMet.
1147 3860 1227 3928 XIV,

149 3971 199 4022 77¹
213 3971 278 4028 sqq.
315 3955 374 4014 262.
395 3957 490 4015 codd.
509 3955 575 4009 seio
592 3973 695 4009 omnes
715 3957 802 4006 Tatios
816 3963 867 4005 aut
883 3955 985 4018 tacitam
1003 3955 1045 4007 Hs
1065 3973 1100 4009 ex
1115 3957 1182 4016 odd.
1199 3969 1229 4012 et

148 4068 212 4109 uuo
227 4051 294 4108 cod.
317 4055 420 4104 lotium
437 4069 516 4121 rem,
539 4050 652 4102 mavult
668 4060 767 4102 tamen
786 4049 908 4116 maniplos
927 4047 981 4100 Aa
995 4069 1107 4101 summae
1132 4055 1229 4108 Tatios.

149 4143 212 4208 osa
233 4144 372 4220 Quinque
382 4141 478 4212 casoro,
495 4143 576 4213 quod
588 4144 629 4196 Hs
644 4159 718 4211 rec„
737 4143 832 4196 ceteri
842 4161 887 4210 per
887 4141 963 4210 fiam,
979 4143 1037 4198 duo
1049 4145 1160 4214 adfore,
