2906 4836
239 293 298 360 116
573 294 610 350 P·
632 293 765 361 OVlDll
786 293 967 356 NASONIS

323 478 472 556 Dumque
495 486 611 556 parant
633 487 724 534 tarto
747 473 929 534 subducere
952 473 1184 550 carbasinus,

360 583 553 642 Peroutitur
577 581 691 662 rapido
713 581 832 665 puppis
855 580 978 642 adunca
998 583 1095 657 Noto,

321 691 422 770 Inque
445 701 558 770 patens
581 707 722 769 aequor,
751 687 873 748 {instra
895 701 1058 769 pugnante
1079 688 1245 768 magistro,

239 801 299 878 5qu
362 799 505 870 Fertur,
531 806 627 854 etex
651 793 754 853 aculis
776 793 846 856 visa
867 793 991 872 refugit
1011 795 1132 858 humus.

322 905 482 965 Assiliunt
503 901 638 976 fluctus,
662 899 792 981 imoque
815 921 831 958 a
855 901 983 981 gurgite
1005 913 1125 982 pontus

360 1011 536 1082 Vertitur,
559 1014 600 1067 et'
615 1025 708 1068 canas
730 1010 839 1068 alveus
860 1006 968 1068 haurit
990 1026 1098 1090 aquas.

320 1117 475 1183 Vincitur
498 1135 549 1174 ars
572 1127 686 1188 venta,
721 1134 781 1172 nec
803 1114 864 1172 iam
886 1114 1072 1175 moderator
1093 1114 1227 1175 habenis

360 1224 489 1297 Utitur,
513 1235 544 1281 at
567 1222 651 1284 rotis
675 1222 701 1279 is
723 1241 853 1303 quaqua
876 1221 985 1304 pascit
1006 1243 1111 1304 opem.

240 1331 300 1409 595
323 1333 463 1389 laetatur
486 1328 626 1388 tumidas
648 1328 740 1388 exsul
761 1328 937 1388 Phoenissa
958 1349 1019 1410 per
1041 1329 1154 1404 undas,

361 1436 567 1517 Humidaque
589 1436 739 1518 opposita
761 1435 881 1503 lumina
903 1447 995 1498 veste
1017 1436 1114 1516 tegit.

323 1546 406 1602 Tum
426 1544 568 1625 primum
589 1542 676 1604 Dido
700 1542 781 1602 i'elix
802 1555 853 1603 est
875 1542 962 1602 diota
984 1541 1103 1614 sorori,

361 1652 404 1708 Et
434 1668 656 1731 quaecumque
684 1650 824 1734 aliquam
852 1669 991 1731 corpore
1018 1649 1142 1731 pressit
1169 1649 1307 1716 humum.

1212 1785 1310 1798 -Μ

308 1876 369 1944 587.
386 1875 444 1928 Un.
462 1876 610 1933 submittere.
638 1873 853 1944 copiosissima
870 1875 1056 1944 tempestatis
1076 1873 1241 1944 descriptio
1263 1885 1308 1927 est

241 1968 399 2038 ap.Nostr.
406 1969 446 2026 Μ.
456 1969 506 2033 XI,
515 1971 566 2038 475
573 1998 606 2008 -
614 1967 675 2024 560.
682 1967 734 2019 ubi
744 1967 803 2034 483.
823 1969 920 2020 Ardua
929 1971 1074 2020 iamdudum
1082 1971 1202 2019 demittite
1209 1987 1309 2033 cornua,

241 2075 315 2117 rector
329 2063 443 2126 Clamat,
456 2075 479 2110 et
492 2064 606 2112 antennis
618 2073 697 2112 totum
712 2065 845 2114 subnectite
858 2062 954 2114 velum!
987 2062 1046 2120 588.
1066 2061 1153 2132 Virg.
1165 2062 1200 2114 A.
1212 2062 1236 2126 Ι,
1248 2065 1308 2129 114.

242 2161 328 2224 ingens
342 2175 357 2204 a
372 2157 458 2204 uertice
470 2165 560 2221 ponlus
568 2157 602 2205 In
612 2158 716 2222 puppim
716 2156 793 2222 serit,
828 2157 888 2224 592.
908 2156 949 2207 Hs
962 2155 1040 2207 coni.
1054 2158 1179 2211 Vertitur.
1197 2154 1309 2206 Noster

242 2249 334 2304 Trist.
343 2248 367 2313 l,
375 2249 403 2313 4,
411 2265 438 2315 7.
449 2251 535 2298 Monte
546 2267 588 2298 neo
597 2249 698 2315 irfirrbr
703 2268 791 2314 prorae
796 2249 919 2315 puppique
926 2267 1037 2300 recurvae
1042 2252 1063 2300 Ι
1061 2252 1137 2313 asilu,
1144 2262 1166 2299 et
1172 2251 1249 2316 piatos
1256 2268 1307 2298 aer·
1317 2233 1319 2237 ι

240 2344 450 2399 heratundadeos.
465 2341 511 2397 Id.
522 2341 561 2397 M.
569 2340 619 2405 XI,
627 2344 687 2412 499.
699 2341 825 2405 Pontus,
835 2343 1035 2410 qunmfitluas'ea
1043 2341 1307 2408 iirroaer⁴tit(Hs.ver·

239 2436 294 2502 rit)
305 2456 401 2499 arenas,
417 2437 533 2488 Concolor
547 2448 582 2486 est
595 2436 655 2491 illis.
677 2433 759 2503 Virg.
772 2435 807 2490 A.
818 2433 842 2500 I,
851 2435 895 2500 43,
911 2435 1009 2489 Pallas
1018 2441 1101 2488 evertit
1111 2437 1307 2504 aequor-aventis.

240 2529 285 2584 lb.
300 2529 338 2594 ΙΙ,
355 2535 415 2598 4η).
432 2533 479 2580 imo
491 2532 586 2581 Nereus
597 2531 643 2579 ciet
656 2530 861 2598 aequorafundo,
897 2530 958 2600 594.
976 2531 1057 2584 Unus
1073 2542 1135 2602 opt.
1148 2543 1191 2581 aut
1201 2534 1260 2582 notis
1268 2535 1310 2582 dis

240 2640 340 2688 quoque,
354 2620 430 2673 alius
439 2634 466 2672 at
475 2625 536 2672 uotis
545 2625 593 2687 dis,
609 2621 691 2692 quid.
701 2623 819 2682 melior.
832 2636 875 2674 ant
883 2627 944 2675 uotis
951 2626 981 2689 is,
996 2642 1073 2677 unus
1087 2641 1200 2676 amana
1211 2625 1309 2695 prima

241 2735 257 2764 a
267 2718 337 2782 uatis,
350 2715 402 2766 alii
415 2737 445 2766 aa
457 2717 505 2768 vel
524 2730 559 2779 et,
577 2718 689 2780 sexhis,
705 2719 763 2768 duo
777 2719 832 2782 hie,
854 2717 949 2771 ceteri
962 2730 988 2768 at
1003 2720 1066 2770 vatis
1083 2720 1105 2770 is
1118 2737 1209 2786 quoque
1220 2721 1308 2786 poscit,

241 2824 328 2881 quam
337 2809 406 2866 lect.
419 2809 547 2866 servavi.
565 2808 800 2880 Hslconiaewel,
822 2814 916 2876 Utitur,
930 2823 957 2862 at
968 2815 1043 2865 votis:
1057 2815 1098 2864 hia
1108 2831 1132 2879 q.
1142 2832 1169 2878 p.
1181 2833 1214 2876 a,
1227 2811 1308 2882 quod

241 2917 316 2965 rec„
325 2902 372 2953 vel
383 2905 423 2954 ar'a
434 2921 459 2968 q,
470 2905 559 2967 poscit,
573 2901 620 2954 vel
632 2915 658 2952 ut
673 2907 735 2954 natis·
747 2923 821 2971 usque
835 2909 936 2973 reposcit
950 2927 974 2957 a.
993 2907 1094 2958 Burm.
1105 2905 1184 2962 coni.
1195 2918 1221 2955 at
1232 2906 1307 2955 votis:

239 2996 276 3044 sio
290 3014 389 3061 quaqua,
406 3005 467 3058 aut,
489 2997 589 3058 Utitur‚·
604 3015 619 3044 a
634 2999 694 3048 uotr's·
708 3001 795 3063 disque
805 3001 917 3064 reposcit,
936 2999 1051 3069 Giorig.
1069 3015 1142 3055 mav.
1152 3001 1193 3051 his
1204 3015 1305 3064 quoque.

242 3085 289 3140 Cf.
303 3085 432 3156 Virga,
442 3086 489 3150 Ill,
505 3088 563 3142 260.
582 3090 685 3137 cecidero
697 3092 784 3152 animi,
798 3110 839 3140 nea
853 3094 902 3142 iarn
913 3095 1020 3159 amplius
1031 3095 1117 3157 armis,
1129 3095 1178 3143 Sed
1185 3093 1307 3157 notisprem

240 3177 354 3241 cibusque
369 3179 451 3227 iubeat
467 3198 590 3245 exposcere
604 3199 699 3246 paoem.
724 3181 834 3236 Noster
846 3185 887 3242 Μ.
897 3184 952 3248 ΧΙ,
966 3185 1027 3254 493,
1044 3189 1103 3252 Ipse
1116 3197 1200 3251 pavet,
1218 3203 1259 3234 uec
1272 3202 1308 3247 se,

240 3269 284 3332 qui
293 3269 430 3332 susiana,
444 3272 495 3336 ipse
492 3273 597 3336 fatetur
607 3275 671 3323 Scire
682 3277 744 3324 rutis
756 3289 846 3342 rector,
859 3298 900 3329 nea
909 3282 970 3346 quid
976 3281 1092 3344 iubeatve,
1107 3291 1202 3333 relatae.
1225 3281 1310 3340 Tanta

241 3361 304 3412 mali
309 3362 391 3426 moles,
403 3374 499 3429 totaque
506 3367 627 3433 potentior
635 3378 688 3417 arte
696 3381 740 3424 est.
761 3369 803 3428 lb.
812 3371 873 3438 537.
886 3375 1038 3446 Dqfioitars,
1047 3376 1170 3440 animique
1177 3375 1308 3446 cadunt-

241 3487 274 3494 —-
285 3457 327 3506 laia
337 3458 399 3506 natis
409 3476 497 3508 narizan
510 3462 596 3512 adorat
605 3464 762 3529 Brachioque
772 3469 807 3514 ad
818 3468 909 3517 eoelum
917 3470 1028 3518 -irrita
1037 3470 1122 3518 tolleris
1133 3468 1220 3518 Pascit
1229 3484 1305 3531 opem.

241 3549 285 3605 Id.
294 3549 334 3602 M.
345 3548 384 3618 ll,
397 3550 454 3604 185.
469 3553 563 3619 navist,
579 3557 620 3606 aui
626 3559 690 3608 aicta
702 3559 794 3608 rernisit
803 3561 885 3610 Frena
896 3580 957 3611 suus
970 3572 1053 3626 rector,
1066 3579 1140 3627 qriam
1152 3563 1191 3611 dis
1201 3559 1308 3624 notisque

240 3645 347 3710 reliquit.
387 3643 447 3712 59⁶·
469 3644 557 3721 Quat·
577 3654 698 3715 apposita.
744 3653 804 3720 597.
824 3653 986 3730 Querelae,
1004 3654 1108 3724 quales
1125 3653 1243 3706 Aeneae
1258 3667 1308 3721 ap.

241 3737 329 3807 Virg.
342 3738 377 3795 A.
393 3737 422 3803 I,
440 3742 483 3807 94.
501 3740 525 3789 Ο
538 3754 617 3808 terque
628 3757 758 3811 qnater-que
770 3749 846 3811 beati,
859 3750 915 3813 quis
926 3759 983 3797 ante
991 3768 1034 3797 ora
1044 3755 1145 3812 patrum
1162 3747 1251 3796 Troiae
1262 3747 1308 3811 suh

241 3834 365 3883 moem'bus
376 3835 435 3884 allis
447 3835 557 3904 Cantigi!
568 3837 691 3901 oppetere!
709 3849 765 3895 etc.
802 3839 860 3909 598.
880 3839 986 3894 Horat.
999 3839 1055 3894 Od.
1065 3839 1092 3903 I,
1107 3837 1150 3903 28,
1164 3837 1205 3894 23.
1224 3837 1267 3888 At
1280 3849 1308 3887 tu

241 3936 318 3974 nauta
329 3945 405 3996 uagae
417 3948 525 3994 neparae
534 3931 659 3996 uralignus
669 3950 756 3980 arenae
770 3933 874 3982 Ossibus
887 3944 908 3982 et
920 3936 997 4000 capiti
1008 3935 1136 3984 inhumato
1148 3933 1309 3984 Particulam

241 4019 309 4072 dare.
328 4019 467 4074 Ceterum
486 4021 578 4074 Silius
595 4021 669 4078 Vlll.
684 4025 726 4080 (15.
740 4025 775 4077 do
788 4025 841 4078 hac
856 4037 1034 4097 tempestate
1048 4027 1125 4080 nihil
1141 4027 1200 4080 nisi
1212 4028 1304 4080 haee:

242 4107 308 4176 Ergo
322 4115 405 4179 agitur
416 4118 502 4186 pelago
516 4120 578 4172 diuis
592 4119 694 4170 inimica
704 4121 797 4186 sibique
798 4157 809 4185 ,
827 4123 902 4191 Quod
907 4140 932 4173 se
941 4141 987 4174 non
1002 4126 1094 4176 dederit
1104 4125 1214 4176 cornicem
1226 4123 1251 4172 iu
1263 4139 1306 4172 su-
