2876 4826
491 287 726 353 Fastorum
747 289 827 394 LiB.
850 289 873 352 l.
1180 291 1222 356 27

133 475 206 536 Nee
228 484 335 534 tannen
356 484 394 534 ut
415 443 542 556 primus
564 492 674 534 maere
696 473 779 544 maia
800 470 879 532 talia
900 487 1030 554 passust

178 582 304 646 Obruit
326 581 479 664 ingentes
500 581 565 642 istu
585 581 734 664 procella
755 563 879 647 vires.¹

133 691 259 750 Passus
280 689 387 766 idem,
411 687 521 769 Tyriis
543 687 600 770 qui
623 687 786 771 quendam
806 688 918 772 pulsus
942 687 981 748 ab
1004 685 1073 749 oris

179 797 317 858 Cadmus
339 795 374 856 in
396 793 499 858 Aonia
521 793 670 856 constitit
692 795 782 856 exsul
804 795 911 856 humo.
1159 803 1221 878 400

133 901 257 965 Passus
274 904 362 966 idem
384 904 534 986 Tydeus,
557 915 591 964 et
613 903 701 965 idem
720 905 903 983 Pagasaeus
925 907 1028 981 lason,

176 1014 220 1073 Et
242 1031 324 1094 quos
346 1023 526 1095 praeterea
545 1012 640 1093 longa
660 1011 795 1075 referre
817 1033 908 1073 mora
930 1025 996 1076 est.

132 1118 242 1180 Omne
264 1118 368 1179 solum
390 1118 471 1178 sorti
492 1119 600 1203 patria
624 1134 694 1198 est,
716 1133 754 1184 ut
777 1121 927 1204 piscibus
950 1140 1087 1206 aequor,

174 1227 217 1287 Ut
238 1225 389 1304 volueri,
411 1247 513 1292 vacuo
536 1227 697 1312 quidquid
718 1228 752 1290 in
776 1229 858 1290 orbe
880 1241 985 1312 patet.

131 1335 204 1395 Nee
224 1334 297 1394 fera
319 1331 497 1417 tempestus
520 1345 590 1396 toto
612 1347 721 1396 tamen
741 1335 857 1398 horret
878 1336 913 1396 in
935 1358 1033 1416 anno,
1158 1340 1218 1421 445

174 1443 219 1502 Et
244 1441 308 1502 tibi
334 1477 376 1489 —
405 1439 504 1502 erede
534 1441 611 1502 mihi
629 1421 683 1491 ο-
708 1453 859 1525 tempora
886 1447 975 1510 veris
1003 1459 1113 1510 erunt.

128 1546 280 1616 Vocibus
300 1547 458 1610 Euander
480 1546 607 1609 firmata
627 1561 738 1611 mente
760 1551 909 1633 parentis

173 1657 263 1720 Naue
284 1666 373 1717 secat
393 1653 535 1731 fluetus,
557 1656 818 1740 Hesperiamque
840 1670 946 1720 tenet.

128 1761 264 1846 lamque
291 1775 409 1826 ratem·
425 1762 543 1825 doctae
569 1764 697 1826 monitu
726 1765 912 1849 Carmentis
942 1767 977 1828 in
1006 1790 1132 1832 amnem
1174 1767 1177 1774 “

173 1871 314 1952 Egerat',
337 1883 372 1932 et
393 1871 512 1932 Tuscis
534 1869 649 1936 obvius
670 1871 740 1936 ibat
762 1874 864 1957 aquis.
1031 1885 1033 1890 ’
1153 1879 1229 1942 5οο

125 1977 291 2055 Fluminis
316 1979 374 2043 illa
401 1979 507 2056 latus,
544 1977 598 2039 eu'i
627 1989 704 2040 sunt
731 1979 813 2043 vada
841 1983 951 2046 iuncta
978 1987 1132 2064 Terenti,

171 2086 340 2171 Adspicit,
363 2099 398 2149 et
419 2105 547 2170 sparsas
566 2107 628 2170 per
650 2087 722 2148 loea
746 2091 814 2150 sola
836 2109 937 2155 casas.

128 2197 242 2278 thue
265 2207 355 2272 erat,
379 2193 531 2256 immissis
553 2195 691 2280 puppim
712 2195 807 2258 stetit
829 2209 904 2260 ante
928 2199 1066 2282 capillis,

171 2302 409 2386 Continuitque
430 2323 559 2364 manum
580 2315 677 2368 torva
698 2301 849 2388 regentis
873 2305 959 2386 iter3

125 2410 173 2470 Et
201 2408 319 2492 procul
346 2409 382 2471 in
412 2407 563 2472 dextram
591 2410 730 2472 tendens
760 2431 817 2472 suu
845 2411 982 2474 braehia
1010 2414 1129 2498 ripam,
1151 2417 1213 2480 505

171 2514 276 2577 Pinea
296 2535 363 2578 non
384 2535 462 2580 sano
484 2529 539 2579 ter
558 2517 647 2601 pede
669 2519 760 2581 texta
782 2519 889 2600 ferit,

121 2691 1214 2728 nnn—mm

197 2827 258 2895 487.
272 2825 381 2880 Plures
395 2845 485 2880 umeros
496 2831 662 2896 (maeres).
695 2829 756 2896 488.
772 2831 829 2890 Uu.
839 2835 913 2901 laeta,
927 2835 998 2890 hine
1007 2837 1049 2890 Hs
1060 2839 1140 2896 coni,
1149 2841 1211 2898 luta.

122 2921 188 2992 481).
206 2919 268 2972 Alii
282 2921 349 2972 idem
364 2931 411 2976 est.
451 2924 513 2990 491.
531 2921 593 2974 Alii
610 2925 647 2979 P.
659 2925 726 2975 idem
743 2935 790 2982 est.
810 2955 840 2968 κ
861 2929 923 2981 Alii
944 2933 1106 3002 Pegasucus,
1130 2935 1212 3006 quod

124 3013 208 3072 Cios,
222 3013 373 3086 praefert.
392 3013 533 3067 Ceterum
544 3014 586 3068 Hs
601 3007 631 3068 et
644 3015 747 3074 Burm.
766 3019 1011 3076 terminationem
1023 3045 1080 3076 snus
1092 3029 1212 3098 praese·

122 3117 211 3173 runt,
227 3107 286 3160 etsi
299 3106 408 3160 Graeci
426 3105 565 3164 scribunt
587 3109 785 3184 Παγασαῖος.
815 3115 877 3184 493.
890 3115 1212 3193 ExEuripidAErugm,

123 3218 220 3275 pays
233 3201 282 3259 ed.
296 3201 404 3258 Valet.
426 3189 533 3263 ’Άπας
554 3189 610 3270 μὲν
631 3195 689 3282 ἀὴρ
714 3199 798 3281 ἀετῷ
813 3199 995 3285 περάσιμος·
1019 3200 1159 3268 ’Άπασα
1178 3209 1212 3270 δὲ

121 3287 214 3370 χθὼν
232 3288 324 3374 ἀνδρὶ
343 3287 474 3370 γενναίῳ
497 3286 623 3373 πατρίς.
676 3300 738 3371 495.
768 3303 959 3376 Ple1·iq.erat
981 3309 1023 3374 in5
1052 3321 1152 3369 nostr.
1177 3330 1212 3366 ex

123 3401 241 3460 septem
257 3407 320 3448 ree.
336 3391 390 3449 Hs.
415 3376 515 3446 Unus}
543 3391 578 3442 Et
587 3393 654 3459 jera
673 3406 693 3450 t.
715 3406 764 3446 toto
788 3417 836 3449 reon
855 3413 920 3450 errat
942 3404 969 3452 in
986 3423 1012 3458 α.
1039 3431 1075 3444 —··
1102 3405 1211 3462 Horat.

123 3483 183 3542 od.
201 3484 246 3550 11,
268 3500 317 3550 ιο,
340 3487 382 3542 15.
411 3485 559 3539 informes
580 3487 692 3542 hiemes
711 3489 831 3546 reducit
851 3493 1003 3566 Iuppiter,
1026 3495 1104 3550 idem
1125 3497 1210 3552 Sum·

121 3587 234 3634 movet.
252 3578 331 3644 Non,
348 3579 374 3632 si
395 3579 472 3634 mule
492 3597 583 3646 nune,
608 3593 638 3636 et
655 3584 726 3636 olim
744 3586 795 3639 Sic
815 3587 886 3645 erit.
933 3590 995 3660 406.
1022 3590 1080 3648 Un.
1097 3589 1210 3648 Entibi.

120 3672 185 3739 497.
207 3671 270 3725 Alii
287 3675 423 3745 etfirmus
443 3687 522 3726 mente
545 3687 596 3730 aut
619 3691 642 3730 et
658 3681 742 3750 firma
765 3703 819 3747 m.,
849 3683 993 3738 meliores
1021 3691 1121 3742 nostr.
1145 3682 1210 3758 idq,

121 3763 166 3815 Hs
186 3781 249 3823 rec.
299 3768 361 3838 498.
384 3769 447 3822 Alii
465 3771 633 3840 Italiamque,
655 3792 707 3834 un,
722 3777 926 3846 Ausoniamque.
969 3779 1116 3837 500.Α11ῐ
1140 3796 1210 3835 reee-

86 3893 88 3902 =
123 3867 183 3921 '0²2
203 3857 333 3914 f⁰rta⁸⁵⁰
353 3879 411 3932 pro
433 3876 538 3920 rexerat.
587 3867 647 3926 501.
677 3869 772 3927 Godd.
795 3871 861 3926 sere
882 3890 984 3926 ornnes
1005 3877 1128 3944 Tarenti,
1147 3891 1209 3930 me·

118 3950 219 4004 liores
239 3954 328 4025 pauci
350 3959 459 4016 terenti,
508 3959 570 4017 502.
596 3959 842 4034 Pleriq.spaae·sas,
864 3967 916 4019 alii
935 3969 1011 4026 solas.
1056 3969 1120 4029 503.
1143 3971 1207 4024 Alii

117 4046 223 4098 incultis
246 4057 298 4102 aut
317 4050 431 4108 intonsis.
485 4054 548 4120 504.
573 4051 632 4111 Sex
652 4077 745 4125 manu,
763 4057 823 4114 duo
846 4081 945 4120 manus.
992 4061 1055 4122 505.
1078 4063 1146 4121 Duo
1167 4066 1206 4118 lu·

115 4159 195 4198 mma,
