2906 4836
493 271 725 338 FASTORUNI
751 275 830 336 LlB.
853 276 906 339 Ill.

164 453 495 558 Pertiea,suspens0s
516 456 669 536 portabat
689 458 783 536 longa
804 457 983 540 maniplos:

204 561 297 623 Unde
319 559 509 642 maniplaris
531 561 661 622 nornine
682 563 776 623 miles
797 563 908 624 habet.

164 671 256 750 Ergo
280 666 377 728 animi
399 666 561 728 indociles
584 680 618 729 et
640 668 742 730 adhue
764 671 894 732 ratione
917 685 1068 733 carentes

204 772 370 835 Mensibus
393 787 535 856 egerunt
556 775 661 836 lustra
683 776 810 838 minora
833 779 958 844 decem.
1180 804 1236 846 120

165 885 275 945 Annus
297 895 389 960 erat,
420 883 580 944 decimum
603 903 701 964 quum
721 886 798 944 luna
819 889 1010 967 repleverat
1031 887 1155 952 orbem.

205 988 270 1048 Hic
289 1007 445 1050 numerus
465 1009 578 1070 magno
599 1001 678 1050 tune
699 990 732 1049 in
754 991 879 1054 honore
901 992 966 1054 suit
974 1015 984 1071 3

166 1095 232 1154 Seu
253 1096 329 1176 quia
351 1107 400 1156 tot
423 1094 540 1178 digiti,
564 1116 626 1178 per
648 1115 729 1178 quos
750 1117 926 1160 numerare
947 1099 1107 1160 solemus:

169 1258 172 1265 .
208 1204 274 1263 Seu
295 1202 372 1284 quia
392 1202 442 1262 bis
464 1203 564 1286 quino
586 1203 707 1264 femina
729 1223 838 1266 mense
859 1207 966 1286 parit:

165 1310 232 1370 Seu
254 1308 340 1391 quod
362 1309 504 1392 adusque
524 1309 640 1372 decem
655 1331 793 1372 numeru
816 1326 986 1374 crescente
1006 1315 1137 1378 venitur
1145 1338 1154 1394 3
1183 1319 1237 1380 125

206 1414 412 1497 Principium
435 1416 550 1498 spatiis
574 1418 713 1480 sumitur
734 1419 812 1478 inde
832 1419 938 1482 novis.
976 1431 979 1439 '

166 1521 246 1583 Inde
267 1541 365 1604 pares
389 1534 518 1582 centum
542 1523 642 1584 denos
664 1526 809 1590 secrevit
830 1525 864 1584 in
885 1525 983 1586 orbes

207 1630 380 1706 Romulus,
404 1632 558 1691 Hastatus
579 1631 787 1715 instituitque
810 1633 923 1694 decem
931 1657 941 1712 3

167 1742 212 1801 Et
232 1737 370 1800 totidem
391 1737 570 1818 Princeps,
592 1736 732 1798 totidem
752 1737 884 1801 Pilanus
905 1739 1045 1803 habebat

211 1846 377 1928 Corpora,
404 1843 554 1924 legitimo
577 1843 698 1926 quique
719 1845 868 1906 merebat
890 1867 985 1929 equo.
1099 1849 1101 1853 ’
1185 1845 1287 1917 ι30’
1356 1923 1361 1936 .

172 1952 259 2046 Quin
282 1953 381 2013 etiam
401 1963 513 2033 partes
536 1951 675 2011 totidem
696 1951 900 2012 Titiensibus
921 1953 1018 2030 idem,

211 2061 368 2152 Quosque
391 2071 510 2122 vocant
531 2060 691 2136 Ramnes,
713 2059 962 2144 Luceribusque
985 2060 1087 2128 dedit.

95 2215 100 2228 .
170 2167 329 2228 Assuetos
351 2165 456 2248 igitur
477 2185 632 2226 uumerus
656 2165 801 2230 servavit
821 2167 855 2227 in
877 2188 971 2228 anuo.

210 2275 282 2334 Hoc
301 2273 395 2353 luget
418 2271 524 2354 spatie
546 2272 667 2332 femina
688 2285 811 2333 maesta
832 2272 951 2338 virum.

169 2383 240 2442 Neu
264 2379 412 2452 dubites,
435 2379 560 2459 primae
583 2377 711 2439 fuerint
733 2378 812 2462 quin
834 2391 908 2441 ante
928 2380 1093 2442 Ralendae
1185 2385 1240 2448 135

210 2485 343 2561 Martis,
367 2484 508 2545 adhaec
530 2485 669 2546 animum
691 2487 780 2565 signa
801 2487 935 2548 referre
956 2501 1064 2570 potes.

170 2595 299 2652 Laurea
319 2591 540 2668 Fluminibus,
564 2612 646 2674 quae
666 2605 737 2654 totu
759 2593 910 2676 perstitit
932 2615 1025 2671 anno,

213 2699 373 2776 Tollitur,
397 2711 431 2760 et
453 2697 589 2760 frondes
612 2712 688 2760 sunt
710 2700 891 2762 inhonore
913 2721 1027 2776 nevae.

172 2808 271 2865 Ianua
291 2826 376 2866 nune
397 2806 500 2889 Regis
523 2806 632 2888 posita
653 2805 741 2870 viret
764 2805 883 2866 arbore
905 2806 1052 2868 Phoebi:

136 2982 141 2994 ο
212 2913 298 2972 Ante
320 2924 390 2972 tuas
410 2912 447 2974 fit
469 2913 574 2990 idem,
601 2913 701 2974 Curia
721 2913 855 2990 Prisca,
877 2912 981 2974 fures
1187 2922 1243 2988 ¹4⁰

171 3068 270 3086 Μ

226 3189 283 3228 rur.
303 3173 378 3223 Tres
392 3175 529 3238 repleuerat,
539 3174 619 3243 qued
629 3173 670 3224 lls
680 3190 753 3238 rec„
769 3173 864 3226 ceteri
874 3184 1001 3240 receperat.
1040 3189 1098 3230 rau.
1112 3173 1178 3224 Duo
1193 3176 1247 3230 Heu

171 3268 271 3330 nostris,
284 3265 413 3334 quost
430 3282 503 3329 ree,
517 3265 618 3317 Burm.
630 3267 866 3322 ceter.l'eet.,Hie
881 3283 1020 3322 num,ree,
1053 3265 1109 3322 123.
1127 3266 1193 3318 Due
1203 3286 1246 3332 prr

174 3370 244 3424 quot.
272 3361 329 3423 124.
346 3357 473 3426 Cs.l,3dv
510 3360 830 3415 126.Unnnmuisszun.
858 3358 1246 3440 127.Potiot·espar·es,qttotl

175 3467 200 3508 e.
212 3449 368 3520 scaligero
387 3461 417 3502 et
432 3452 535 3520 [ipsiu
548 3453 589 3504 Hs
604 3469 681 3517 ree,
696 3453 789 3504 ceteri
803 3468 904 3504 omues
913 3463 1006 3514 putres.
1044 3451 1101 3507 128.
1123 3451 1180 3508 Un,
1190 3471 1246 3502 con·

174 3545 313 3610 statuitque.
349 3544 407 3596 131.
422 3545 533 3615 Optimi
547 3545 632 3598 cotltl.
649 3548 764 3610 Titiam„
778 3545 858 3616 quod
869 3545 922 3604 Hs,
937 3563 1009 3610 reu,
1025 3545 1118 3597 ceteri
1136 3547 1254 3602 Tutum..

177 3637 236 3702 134.
255 3637 371 3689 Seneca
380 3637 469 3696 Cons.
479 3639 565 3696 Ilelv.
576 3640 616 3693 15.
630 3643 692 3692 Ideo
704 3641 807 3689 maiores
822 3643 902 3690 decem
914 3642 1033 3690 mensium
1046 3641 1154 3705 spatium
1163 3639 1246 3706 lugen-

177 3731 242 3780 tibus
256 3734 319 3782 virus
335 3733 462 3789 dederuut,
506 3733 564 3789 136.
583 3733 640 3789 Un.
657 3735 767 3796 antuus,
784 3731 860 3784 alius
874 3735 963 3789 oculos.
1004 3732 1060 3799 137.
1079 3729 1136 3786 Un,
1150 3732 1247 3780 Flumi-

178 3840 230 3878 ueu.
248 3823 290 3875 Hs
304 3824 386 3881 coni.
397 3827 549 3882 Flaminiae.
567 3823 702 3881 illacrob.
714 3824 835 3881 Saturn,
847 3825 875 3890 l,
891 3841 932 3876 12.
950 3825 1043 3875 Martii
1047 3826 1130 3891 prium
1143 3825 1182 3873 die
1194 3835 1253 3874 turn*

177 3916 204 3964 iu
215 3918 282 3984 regia
290 3919 413 3986 curiisque
422 3931 495 3986 atque
506 3925 533 3970 in
540 3923 565 3970 F
564 3919 683 3968 hminum
692 3917 804 3968 darnibus
815 3917 911 3968 laureae
919 3928 1006 3968 veteres
1017 3917 1084 3967 noris
1092 3916 1184 3968 laureis
1192 3938 1246 3968 mu·

178 4011 306 4069 indantur,
324 4013 369 4064 De
382 4015 450 4064 lauro
462 4012 502 4069 ef.
515 4011 545 4078 I,
557 4011 617 4078 343.
663 4011 721 4080 139.
739 4009 835 4070 Noun.
849 4013 918 4067 nitet,
957 4010 1014 4074 140,
1031 4005 1120 4062 Multi
1133 4011 1248 4080 potior,

162 4104 205 4173 fic
219 4105 292 4172 idem,
305 4108 387 4176 quod
395 4106 437 4158 Hs
451 4123 523 4173 rue,
540 4103 636 4158 ueteri
652 4106 745 4163 itidem.
