2876 4826
1140 275 1202 337 XV

222 485 364 548 Primum
386 495 461 547 anto
482 483 588 552 omnia
605 480 689 544 duco
708 489 832 544 textum
854 479 988 542 sste'ad
1008 480 1202 564 optimorum

142 617 302 680 lilrrorum
322 615 417 676 lidcm
440 588 677 676 accuratissime
699 609 901 674 emendaturis
923 621 956 672 et
976 611 1060 694 typis
1074 631 1203 696 oxprcs-

142 769 232 812 sumt
249 747 343 830 quod
361 745 493 828 utique,
517 742 579 806 ctsi
596 761 705 808 omncs
728 742 800 804 lere
818 742 904 804 hunc
925 742 1056 804 titulum
1076 763 1155 825 prae
1171 762 1204 806 sc

28 863 30 872 ’
133 879 274 956 icrunt,
304 876 571 960 paucissimarum
600 873 778 936 editionum
806 885 857 934 est
883 872 1064 956 proprium.
1114 873 1205 938 Alte.

34 1003 38 1022 '
144 985 233 1084 rum,
256 1007 343 1090 qnod
363 1007 517 1092 addatur,
540 1008 583 1066 sit
605 1009 657 1070 vel
679 1005 782 1066 omnis
805 1003 952 1066 codicum
973 1014 1007 1064 ct
1028 1003 1206 1068 editionum

28 1127 35 1209 ζ
145 1150 295 1203 ustorum
321 1138 471 1199 lectionis
502 1135 694 1213 diversitas,
728 1136 781 1199 rcl
812 1134 1005 1200 variantium
1034 1135 1207 1198 lectionum

144 1268 311 1350 potiorum
339 1267 494 1331 delectus.
545 1265 694 1328 Tertium
721 1265 879 1326 addantur
910 1265 1033 1326 similas
1058 1267 1141 1344 lo'ci,
1173 1269 1207 1329 in

28 1387 30 1398 “
138 1397 265 1480 quibus
281 1398 402 1458 *cadem
421 1397 473 1461 val
495 1396 650 1478 loquundi
671 1395 757 1458 ratio
778 1398 1010 1461 uelamentis
1030 1397 1207 1462 invenitur.

147 1528 308 1620 Quartum
328 1529 543 1610 proferantur
570 1527 708 1589 aliorum
728 1539 877 1593 vetarunt
904 1527 990 1603 loci,
1021 1528 1076 1610 qui
1104 1541 1208 1592 testes

149 1657 287 1719 alicuius
305 1657 412 1718 dictae
434 1659 485 1718 rei
508 1657 582 1721 sint.
601 1691 641 1705 ·-
661 1657 829 1720 ltamnlta
849 1657 883 1716 in
896 1656 1039 1718 editione
1060 1659 1126 1720 erit
1146 1676 1209 1721 ma-

149 1787 254 1864 teria,
276 1789 309 1847 in
330 1809 393 1870 qua
414 1787 564 1848 exerceri
587 1787 716 1869 possint
736 1772 979 1865 adolescentem
1010 1787 1127 1866 multa,
1147 1803 1210 1872 qua

149 1881 309 1998 magister
327 1931 362 1980 ot
384 1917 574 1992 adiuvatur,
605 1930 639 1978 et
659 1917 826 1978 scientiam
853 1929 886 1978 ot
915 1917 1094 1979 doctrinam
1121 1941 1209 1982 suam

149 2047 307 2110 esliibcre
329 2049 441 2131 possit.
479 2051 515 2110 ln
536 2067 573 2108 rr
595 2047 707 2108 critico
729 2046 812 2108 nihil
832 2047 980 2125 addatur,
1002 2049 1090 2132 quod
1109 2046 1210 2113 lecto·

149 2199 224 2241 rum
252 2177 409 2240 iudicium
435 2191 470 2239 ct
498 2195 630 2239 acumen
659 2189 714 2239 aot
740 2179 861 2240 tollerc
883 2189 937 2240 aut
959 2178 1068 2262 aliquo
1090 2181 1212 2244 ducere

149 2321 185 2370 ct
202 2299 362 2390 dirigere·
382 2307 503 2392 possit,
534 2321 764 2391 praeterquam
786 2309 872 2390 qood
898 2295 1007 2384 tortus
1029 2330 1098 2372 cam
1118 2330 1213 2394 praa·

150 2439 208 2499 bet
229 2439 419 2514 lectionem,
442 2460 524 2521 quae
547 2439 668 2500 editori
691 2439 856 2521 hucusque
877 2439 1017 2500 omnium
1037 2441 1146 2523 potior
1167 2445 1212 2508 vi-

153 2569 250 2630 detur
279 2590 363 2632 csse.
417 2573 464 2629 lta
493 2590 551 2630 suo
581 2568 718 2651 quisque
746 2567 867 2630 iudicio
897 2548 1001 2631 stabit
1025 2583 1059 2634 ct
1088 2585 1210 2635 utetur.

151 2701 190 2759 ln
210 2701 310 2760 rebus
332 2711 438 2760 autern
462 2699 678 2780 grammaticis
700 2712 734 2760 et
756 2700 941 2778 historicis,
969 2701 1004 2762 in
1025 2702 1141 2783 quibus
1160 2703 1213 2768 ho-

152 2829 208 2888 dio
230 2829 430 2911 interpretes
457 2831 577 2908 largam
605 2847 679 2888 suae
702 2841 735 2888 ct
757 2826 880 2889 alienae
896 2831 1070 2892 doctrinae
1091 2832 1215 2916 copiam
1247 2883 1249 2890 .

151 2959 344 3036 effundunt,
376 2933 674 3036 sexcenticsdicta
696 2967 730 3017 et
757 2964 849 3017 cocta
877 2972 1032 3040 repetunt
1059 2983 1095 3022 ac
1123 2980 1212 3026 raco-

152 3102 273 3172 quunt,
295 3088 377 3152 nihil
399 3091 472 3152 l'cre'
494 3088 693 3172 explicetur,
722 3089 826 3148 omnia
846 3088 1077 3172 magistrorum
1098 3088 1215 3156 doctri-

151 3240 215 3281 nae
237 3220 486 3304 permittantur,
500 3243 505 3250 *
518 3221 636 3304 quibus
657 3205 812 3286 veterum
828 3219 929 3281 additi
951 3221 1033 3299 loci,
1055 3235 1091 3284 ut
1112 3237 1215 3318 testes

150 3351 407 3433 locupletissimi
440 3363 536 3432 ntquc
564 3350 759 3426 certissimi,
788 3349 922 3411 maximo
953 3352 1113 3418 inseruire
1145 3375 1217 3437 pos·

150 3492 251 3556 sunt,
273 3481 368 3541 stab
388 3481 535 3542 omnibus
558 3493 650 3543 certo
672 3481 857 3560 gratissimo
878 3479 982 3542 animo
1004 3485 1214 3566 accipiantur.

151 3611 291 3687 Editor,
315 3610 444 3696 siquid
464 3611 581 3690 habet,
603 3611 689 3694 quod
711 3623 870 3696 tamquam
890 3631 1006 3676 novum
1027 3615 1217 3696 magistrum

153 3741 284 3818 doceat,
306 3742 341 3801 id
361 3740 478 3814 doceat
499 3742 533 3802 in
555 3741 774 3822 singularibus
789 3741 898 3819 libris,
921 3744 974 3806 val
994 3743 1028 3804 in
1042 3745 1218 3808 maioribus

157 3869 378 3950 editionibus,
394 3863 472 3934 ¹non
500 3873 533 3932 in
562 3872 621 3950 iis,
651 3893 733 3956 quac
755 3859 908 3933 dicuntur
929 3873 962 3933 in
983 3893 1076 3936 usum
1097 3877 1219 3940 schola-

154 4020 239 4066 rum,
281 4001 372 4063 Aliae
395 4018 465 4064 arse
488 4001 608 4065 dehent
629 4005 706 4082 hae,
724 4002 809 4064 aliae
830 4001 918 4064 illae.
943 4005 966 4056 .’
