2914 4836
209 328 212 335 .
239 272 299 334 Dl
583 268 617 328 Ρ.
640 267 778 334 0ku
799 266 978 330 NASONIS

240 447 298 512 335
323 450 485 529 Tempora
508 446 661 508 sutilibus
685 446 859 524 cinguntur
881 459 949 508 tola
972 448 1118 525 coronis,

357 557 400 615 Et
421 557 503 614 latet
525 553 644 614 iniectu
666 552 837 634 splendida
861 572 970 613 mensa
993 574 1077 616 rosa.

321 660 444 722 Ebrius
467 643 617 722 incinctis
640 659 766 740 philyra
789 659 923 722 conviva
945 659 1072 742 capillis

361 767 485 842 saltat,
509 778 543 826 et
564 763 755 846 imprudens
777 763 922 826 vertitur
944 778 1015 827 arte
1037 766 1134 830 merl.

320 874 443 935 Ebrius
466 871 504 932 ad
527 871 645 932 durum
666 869 825 932 formosae
848 870 948 932 limen
969 872 1091 935 amicae

240 985 301 1056 34⁰
364 981 490 1042 Cantat.
533 977 665 1038 Habent
685 990 804 1039 unctae
825 979 937 1038 mollia
958 991 1045 1040 serta
1067 999 1188 1046 comae.

325 1087 422 1150 Nulla
445 1096 602 1147 coronata
624 1097 829 1166 peraguntur
851 1085 939 1146 seria
960 1085 1091 1162 liroute3

361 1197 429 1256 Nec
450 1190 596 1274 liquidae
619 1190 736 1256 vinctis
758 1190 841 1252 llors
863 1191 1023 1252 bibuntur
1045 1211 1161 1273 aquae.

320 1306 436 1365 Donec
458 1319 531 1362 eras
551 1298 671 1360 mixtus
692 1296 811 1374 nullis,
833 1297 993 1375 Acheloe,
1017 1300 1169 1376 racemis,

364 1407 478 1473 Gratia
500 1404 674 1467 sumendae
696 1425 761 1466 non
785 1416 858 1465 erat
878 1404 946 1466 ulla
967 1427 1074 1472 rosae.

241 1520 300 1595 345
321 1517 469 1578 Bacchus
492 1524 575 1574 amat
595 1511 715 1574 llores:
740 1509 872 1586 Baccho
893 1512 1058 1593 placuisse
1081 1532 1243 1589 coronam,

361 1626 410 1684 Ex
431 1620 614 1683 Ariadnaeo
634 1618 745 1680 sidere
766 1638 864 1680 nosse
886 1631 990 1700 potes.
1035 1652 1037 1656 ·

308 1850 369 1907 335.
386 1849 443 1906 Un.
455 1865 490 1900 ex
500 1855 563 1914 opt.
580 1846 719 1910 tortilibus,
731 1843 784 1898 alii
797 1847 918 1896 nexilibus
933 1846 1114 1914 autfirtils'bus
1128 1857 1179 1900 sut
1192 1867 1223 1898 su
1249 1849 1311 1904 nris.

241 1948 323 2026 Quae
338 1945 400 1998 sint
418 1943 493 1996 istas
515 1953 646 1994 coronae
659 1955 687 1994 r.
706 1937 848 2008 Bdtliger
864 1938 975 1992 Sabina
997 1957 1026 2010 p.
1043 1940 1102 1996 aoll.
1129 1941 1210 1998 Plin.
1223 1941 1260 1999 Η.
1275 1941 1310 1998 N.

238 2040 315 2104 XXI,
330 2039 358 2104 ὃ,
367 2039 395 2094 8.
411 2041 472 2089 Iam
485 2047 543 2086 tuno
553 2049 654 2083 coronae
665 2033 764 2080 deorum
775 2033 851 2081 honos
864 2044 943 2089 erant,
955 2045 977 2082 et
984 2035 1089 2084 Lnn'nm
1095 2035 1249 2100 publicorum
1256 2038 1310 2101 pri·

237 2143 405 2198 aatommque,
417 2149 446 2181 ae
457 2128 640 2195 sepulchrorum
655 2136 677 2173 rt
688 2126 815 2188 Manium,
828 2143 918 2181 summ.
929 2144 990 2192 aque
999 2101 1134 2176 arrctorilus
1141 2129 1232 2194 pastali
1246 2147 1310 2178 eoro-

239 2245 295 2279 nae.
313 2225 403 2276 Sutilas
417 2223 539 2274 Saliorum
555 2220 634 2270 sacris
646 2219 781 2270 invenimus
797 2230 819 2268 et
834 2220 959 2270 sollemnes
976 2222 1064 2270 coenis.
1088 2221 1218 2271 Transiere
1227 2223 1312 2273 deinde

238 2323 274 2371 ad
286 2320 380 2370 rosaria
386 2355 397 2383 ,
414 2335 487 2384 eoque
499 2315 600 2366 lrraurr'a
616 2313 750 2380 processit,
769 2322 796 2361 ut
816 2331 863 2361 non
879 2323 939 2362 esset
955 2317 1040 2382 gratia
1053 2317 1104 2366 nisi
1114 2315 1258 2384 rnerosolio.
1275 2346 1311 2354 -

238 2412 328 2466 Multi
338 2414 479 2483 pinguntur
491 2439 524 2449 -
539 2406 651 2486 Quinq.
667 2416 741 2462 recta.
764 2405 806 2457 Hs
824 2415 927 2456 censet
941 2408 1131 2462 scribendum
1142 2421 1210 2478 pata,
1225 2409 1309 2479 quid·

238 2505 312 2579 quid
325 2505 411 2558 codd.
432 2501 629 2564 dissentiant,
645 2515 707 2550 non
724 2507 822 2551 tamen
836 2499 963 2569 recepit.
1008 2501 1070 2558 336.
1089 2501 1198 2555 Horat.
1217 2500 1270 2560 Οὐ.
1282 2502 1308 2567 Ι,

236 2601 291 2666 36,
314 2602 354 2656 15.
382 2601 441 2650 Neu
459 2599 538 2650 desint
557 2597 635 2663 epulis
653 2611 737 2658 rosae,
760 2595 819 2643 Neu
838 2593 910 2644 rinae
931 2596 1034 2662 apium,
1062 2615 1108 2646 neu
1126 2597 1194 2650 breue
1215 2597 1307 2652 lilium.

236 2693 298 2763 337.
317 2689 406 2770 Quid.
419 2691 569 2756 Philyram,
589 2685 647 2740 duo
661 2703 696 2738 ex
714 2696 779 2757 opt.
788 2687 919 2754 phyliras,
941 2703 993 2739 un.
1011 2688 1102 2747 hilaris
1115 2708 1183 2749 eona.
1201 2717 1234 2728 -·
1250 2689 1308 2742 Un.

236 2806 305 2843 aona.
322 2787 425 2841 aaronis.
453 2781 546 2854 Neap.
561 2796 637 2837 mav.
649 2781 772 2831 incinctus
784 2809 817 2819 ——
831 2781 944 2847 capillos.
969 2780 1077 2841 Horat.
1094 2781 1149 2840 0d.
1169 2782 1198 2848 Ι,
1214 2783 1264 2848 38,
1283 2800 1309 2840 a.

236 2881 378 2948 Displicent
391 2896 467 2930 nesae
474 2877 578 2946 philyra
587 2891 701 2926 coronae:
721 2874 799 2926 Mun
809 2875 910 2940 sectari,
922 2893 978 2926 rose
988 2893 1036 2942 quo
1046 2879 1151 2930 locorum
1161 2881 1220 2930 Seru
1235 2897 1310 2930 more·

236 2983 287 3030 tur.
303 2973 416 3040 Simplici
427 2981 506 3036 myrto
515 2970 580 3020 nihil
586 2969 886 3032 allebaresSeduluscura,
897 2966 934 3020 ud
943 2985 1029 3039 quem
1038 2969 1097 3028 loo.
1105 2970 1206 3029 Sohol.
1215 2971 1308 3042 Cruq.

237 3066 348 3130 Philyra
356 3065 384 3114 id
389 3075 425 3114 est
437 3073 517 3114 eortra
528 3063 595 3111 tiliae
603 3062 708 3125 ardoris5
725 3062 787 3136 tales
798 3062 862 3110 enim
872 3063 989 3112 conuiualis
999 3065 1178 3130 adhibebantur
1187 3068 1308 3132 operosius

226 3157 330 3226 fictae.
347 3185 380 3196 -ν
398 3157 485 3220 Myrta
500 3155 830 3220 coronabantur-antiquum
842 3157 964 3214 aorrniuiis.
1001 3157 1061 3216 338,
1081 3157 1205 3229 Aliquot
1213 3160 1307 3221 utitur,

238 3247 320 3321 quod
331 3249 373 3302 Hs
386 3263 461 3313 reo..
472 3255 538 3300 eet.
556 3262 658 3299 omues
674 3250 785 3312 vertitur,
804 3247 886 3318 quod
900 3249 1005 3304 reduxi
1020 3283 1054 3292 -—
1066 3251 1177 3307 Undae.
1194 3262 1260 3304 anre.
1273 3282 1307 3292 -

238 3341 352 3398 Tibull.
366 3342 390 3408 Ι,
403 3358 430 3409 s,
439 3341 483 3412 37.
500 3343 551 3392 Ille
564 3343 644 3408 Irascor
658 3344 740 3394 dearsit
756 3362 822 3396 nores
833 3345 955 3410 insternere
964 3357 1049 3410 cantu,
1062 3347 1221 3398 Marianae
1233 3357 1311 3396 certos

236 3441 319 3492 nescia
333 3438 441 3490 membra
457 3440 550 3492 modus.
568 3435 614 3488 lb.
632 3436 677 3502 ΙΙ,
693 3453 780 3508 1‚a().
801 3439 873 3490 Vina
886 3440 950 3489 diem
964 3440 1093 3504 eelebren15
1111 3440 1240 3508 nonfesm
1258 3441 1310 3490 luce

236 3537 333 3588 madere
340 3534 387 3584 Est
398 3533 481 3596 rubor,
491 3542 599 3584 errantes
609 3541 633 3583 at
641 3521 778 3598 molestare
787 3534 871 3598 pedes.
905 3530 965 3602 339.
978 3531 1036 3588 Uu.
1048 3543 1155 3589 amatae.
1191 3532 1251 3598 340,
1266 3530 1309 3583 Hs

237 3643 314 3680 mar.
329 3627 485 3694 sertasorrs,
503 3625 583 3696 quod
597 3623 713 3695 Gierig.
726 3640 846 3694 quoque
861 3624 949 3680 unies
962 3626 1089 3684 arridet.
1109 3625 1159 3680 Cf.
1176 3626 1230 3691 lV,
1249 3641 1308 3678 no.

235 3719 359 3798 lauerat.
375 3718 428 3785 IV,
440 3737 500 3794 l7¹·
515 3719 559 3769 Ae
576 3719 717 3768 lacrumans
731 3718 845 3767 exclusus
858 3731 955 3772 wnator
973 3722 1061 3774 limine
1075 3739 1147 3788 saepe
1162 3721 1277 3772 Flendus
1287 3730 1310 3768 es

235 3817 307 3866 sertis
320 3815 405 3883 operit,
416 3813 670 3881 postesquesuperbos
685 3811 783 3879 Unguit
795 3813 992 3869 amaracino-.
1026 3813 1088 3880 dds.
1108 3811 1206 3866 Nonn-
1222 3813 1309 3864 sinetis

235 3907 283 3962 vel
294 3908 394 3972 iunctis,
407 3906 460 3960 alii
474 3908 598 3960 iunem-
611 3905 668 3962 Un.
678 3921 713 3956 ex
724 3913 787 3975 opt.
799 3906 920 3962 bibentur.
964 3906 1024 3973 343.
1043 3907 1130 3978 Virg.
1140 3907 1176 3962 G.
1188 3905 1213 3973 Ι,
1226 3923 1251 3975 9.
1272 3905 1308 3958 de

238 3999 374 4068 Tellure,
387 4002 531 4074 Poculaque
545 3999 782 4054 inuentisAalselor'a
794 4000 893 4052 masuic
907 4001 969 4058 uris.
1003 3997 1065 4065 346.
1085 3999 1141 4056 Ua.
1155 4009 1264 4071 exopt.
1276 4008 1307 4050 st

238 4093 297 4146 auo
311 4093 348 4148 n.
360 4077 432 4160 aaa.
450 4093 552 4160 omn,
565 4095 627 4153 515.
