2876 4826
221 309 284 364 XX

223 515 312 578 tione
343 510 475 596 aegrius
505 513 616 588 carui,
648 513 736 574 cuius
756 524 863 576 tamen
884 511 1048 583 interdum
1068 511 1226 576 lectiones
1249 531 1287 574 ex

225 643 415 724 Gierigiana
443 643 593 729 cognovi.
635 643 725 708 Nihil
750 663 801 704 me
817 655 955 718 ,temere
983 656 1017 704 et
1042 643 1129 710 forte
1156 643 1288 706 fortuna

223 787 358 834 mutasse
381 793 421 834 ex
443 773 550 834 addita
572 773 722 835 lectionis
743 773 932 842 diversitate
954 793 1062 846 omnes
1083 785 1287 856 cognoscent,

224 905 303 986 quin
325 903 423 964 etiam
442 923 567 964 mecum
591 904 749 992 sentient,
768 903 871 967 multo
890 904 986 988 plura
1006 904 1161 990 mutanda⁸
1177 904 1287 984 fuisse,

225 1055 325 1118 quae,
357 1053 455 1118 quum
484 1055 501 1092 a
528 1033 697 1116 plerisque
720 1033 864 1122 editione
884 1033 1022 1099 Heinsio
1033 1035 1289 1124 aliprmauuiana

223 1164 305 1252 nihil
326 1162 533 1246 emendatius,
550 1164 728 1258 habeatur,
755 1176 894 1236 mutare,
908 1163 1230 1252 religiosumiiuxi,
1247 1182 1289 1238 ne

224 1293 321 1356 nimis
349 1295 499 1377 petulans
527 1309 561 1355 et
588 1313 740 1372 arrogans
769 1294 801 1354 in
830 1313 968 1356 summos
991 1293 1179 1364 illosriros
1199 1294 1291 1369 vider

224 1445 359 1488 rer..-
385 1424 686 1506 luterpunctionem
715 1424 767 1484 ad'
782 1424 954 1506 scriptoris
982 1425 1175 1487 senteutiam
1196 1445 1290 1506 quam

224 1555 360 1617 maxime
382 1555 641 1638 accommodavi,
665 1554 728 1628 etsi
746 1566 838 1616 certe
857 1553 974 1616 dubius
993 1573 1089 1637 saepe
1104 1555 1290 1633 haerebam,

225 1707 302 1746 uum
324 1685 413 1766 signa
434 1685 503 1752 sive
527 1685 746 1772 distinctionis
767 1697 864 1748 notae
885 1684 1197 1774 ponendaeessept,
1217 1705 1292 1760 nec,-

147 1807 153 1816 ’
225 1836 287 1893 ne,
310 1837 409 1896 quum
430 1826 554 1875 eertum
574 1815 616 1876 sit
636 1815 768 1874 nimiam
786 1829 936 1874 notarum
955 1815 1071 1875 molem
1091 1813 1153 1872 toti
1174 1813 1293 1878 verho-

227 1965 301 2005 rum
317 1942 516 2036 copulationi
536 1943 704 2010 molestam
720 1963 803 2004 esse.
846 1945 883 2004 lu
903 1942 1137 2026 orthographia
1157 1963 1226 2003 eam
1243 1964 1292 2016 ra·

228 2075 349 2136 tionem
370 2073 546 2156 plurimum
561 2083 698 2154 secutus
719 2037 809 2150 sum,
834 2093 927 2156 quam
949 2072 1201 2154 ascriptoribus
1221 2066 1293 2140 aevi

228 2193 388 2284 Augustei
415 2202 586 2286 plerisque
609 2181 818 2290 'observatam
840 2221 912 2264 esse
934 2203 999 2268 riri
1021 2202 1201 2264 doctissimi
1223 2223 1295 2266 ceu·

231 2346 378 2396 suerunt.
428 2333 553 2416 Scripsi
574 2337 706 2419 luppiter,
734 2337 840 2404 littera,
869 2355 996 2406 maerere,
1023 2338 1141 2411 sumpsi,
1165 2344 1293 2412 sumptus,

229 2468 380 2535 sollemnis,
409 2468 530 2540 sculpat,
560 2433 670 2560 reiecti,
697 2475 871 2544 utrumque
892 2463 928 2560 in
947 2463 1051 2527 vocali
1071 2462 1294 2546 producenda,

220 2594 344 2668 semina,
358 2591 449 2664 fetus,
470 2598 529 2668 quis·
548 2611 613 2653 non
634 2600 787 2669 quiscum
808 2592 1027 2688 circumflexo,
1049 2603 1187 2671 quattuor,
1206 2615 1298 2666 causa,

232 2732 346 2798 reterns,
373 2718 477 2795 sitifim,
505 2723 654 2794 Gammae,
681 2727 810 2813 lycaeus,
837 2724 967 2795 Phrixus,
989 2727 1089 2784 multa
1102 2723 1190 2802 alia,
1213 2743 1297 2808 quae

233 2852 377 2918 editores
404 2852 501 2912 aliter
522 2852 678 2913 scribere
709 2867 958 2918 consueverant
1009 2853 1120 2930 Adde,
1148 2854 1272 2935 qnod
1262 2877 1298 2916 ιιι

232 2981 343 3047 verbis
362 3001 431 3041 cum
447 2983 693 3065 praepositione
711 2986 871 3066 copulatis
889 2983 1072 3044 molliorem
1087 3005 1215 3066 semper
1232 2985 1300 3045 lor·

232 3131 314 3170 mam
335 3078 557 3196 praetul},'‚ut
578 3118 676 3188 affro,
694 3080 793 3188 attuli,
816 3125 943 3174 allatum.

314 3241 400 3301 Huic
422 3227 547 3325 textui
571 3240 721 3321 plurimis
748 3216 988 3307 locis'mutato
1021 3265 1146 3306 omnem
1175 3245 1301 3306 subieci

191 3456 199 3470 .
234 3371 385 3434 lectionis
416 3369 657 3446 diversitatem,
699 3391 792 3450 quam
817 3375 994 3436 Burmanni
1025 3375 1128 3438 editio
1151 3397 1199 3436 ex
1226 3376 1302 3458 plus

227 3465 404 3582 sexaginta
434 3499 601 3560 codicibus
631 3513 790 3562 enotatam
822 3504 1019 3586 suppeditat.
1073 3505 1234 3565 Plurimos
1261 3523 1305 3564 ex

237 3630 287 3691 his
311 3627 448 3690 eontulit
467 3627 538 3690 Nic.
560 3613 733 3710 Heinsius,
755 3651 873 3716 paucos
893 3637 1112 3731 Burmannus3
1136 3634 1195 3695 sed
1215 3646 1306 3696 uter·

240 3781 303 3842 que
316 3760 523 3855 ⁸singulorum
552 3765 708 3822 aetatem'
718 3775 752 3840 et
773 3763 900 3839 locum,
930 3717 1014 3826 unde
1036 3765 1232 3842 habuerint,
1260 3787 1306 3828 ne

239 3891 344 3952 verbo
377 3887 511 3972 quidem
541 3887 661 3970 attigit.
725 3881 986 3983 Quinquaginta
1001 3905 1075 3955 octo
1109 3907 1185 3954 sunt
1215 3894 1308 3955 codi-

244 4038 317 4097 ces,
349 4039 469 4112 quos
458 4021 493 4080 in
522 4019 720 4086 Criticoruru
750 4021 861 4089 Ovidii
891 4007 1131 4091 commentariis
1162 4025 1309 4090 nomina-
