2914 4836
482 273 711 334 rneroucu
733 274 811 335 LlB.
833 271 887 338 lv.

153 455 313 516 Panditur
335 453 463 514 interea
485 454 556 516 Diti
578 455 651 534 via3
673 473 808 534 namque
833 454 984 515 diurnum

194 566 320 624 Lumen
341 560 501 621 inassueti
521 561 575 624 vix
596 562 766 643 patiuntur
789 561 875 643 equi.

154 675 196 732 At
218 671 338 731 chorus
361 667 522 750 aequalis,
545 668 717 728 cumulatis
738 667 820 728 flore
844 667 1007 744 canistris,

193 777 424 860 Persephone,
448 779 604 852 clamant,
627 776 668 835 ad
688 789 743 836 tua
766 776 847 836 dona
868 777 954 839 veni.

153 887 196 946 Ut
218 885 351 945 clamata
373 884 466 958 silet,
492 894 616 942 montes
638 883 815 942 ululatibus
837 883 986 966 implent,

193 993 237 1052 Et
258 991 384 1051 feriunt
404 1003 523 1052 maesta
544 1002 681 1072 pectora
702 991 787 1050 nuda
809 1012 913 1052 manu.

156 1099 303 1162 Attonita
313 1113 360 1159 est
372 1099 526 1181 plangore
536 1100 647 1172 Ceres,
665 1135 689 1141 ·-
702 1097 797 1160 modo
806 1109 941 1162 venerat
949 1099 1140 1156 Hennam-
1162 1095 1221 1169 455

195 1209 262 1266 Nec
278 1227 385 1281 mora,
408 1212 453 1264 Me
471 1209 609 1265 miseram!
620 1210 702 1280 salia,
723 1203 821 1280 dixit,
846 1206 889 1262 ali
903 1204 948 1262 es?
979 1267 981 1270 ,

154 1315 271 1375 Mentis
293 1314 388 1396 inops
412 1313 560 1394 rapitur,
585 1313 696 1393 quales
720 1310 833 1372 audire
857 1311 999 1372 solemus

194 1419 367 1480 Threicias
389 1419 471 1480 l'usis
491 1418 661 1479 Maenadas
683 1418 734 1478 ire
758 1417 868 1482 comis.

153 1529 194 1587 Ut
217 1526 321 1592 vitulo
342 1530 444 1606 mugit
466 1547 522 1586 sua
545 1539 650 1586 mater
672 1525 711 1586 ab
732 1525 837 1586 ubere
859 1539 966 1608 rapto,

192 1637 237 1694 Et
258 1635 388 1716 quaerit
409 1635 496 1696 fetus
517 1654 578 1716 per
600 1655 713 1694 nemus
735 1653 828 1694 omne
851 1653 944 1711 suos3
1044 1643 1046 1652 ’
1162 1637 1222 1706 440

155 1741 209 1803 Sic
231 1742 307 1802 dea:
330 1763 391 1803 nec
412 1741 536 1804 retinet
559 1740 712 1823 gemitus,
735 1752 769 1800 et
791 1740 917 1800 concita
940 1757 1037 1800 cursu

193 1851 336 1926 Fertur,
359 1863 392 1911 et
414 1871 433 1910 e
455 1849 572 1931 campis
595 1847 726 1930 incipit,
750 1849 882 1924 Henna,
905 1846 979 1910 tuis.

153 2160 335 2226 excideretque,
354 2175 406 2213 un.
421 2174 455 2210 ex
468 2165 530 2226 opt.
545 2157 773 2220 abstuleretque.-
785 2151 912 2224 Raptum
920 2153 1122 2226 Proserpinae
1134 2156 1220 2210 Clau·

153 2251 258 2304 dianus
273 2251 403 2303 carmine
418 2247 596 2318 descripsit,
613 2248 722 2300 Noster
736 2247 809 2304 Met.
819 2245 857 2311 V,
869 2247 935 2314 341,
950 2258 980 2300 et
993 2248 1171 2302 Homerides
1188 2251 1219 2301 in

151 2343 264 2412 Hymno
280 2343 412 2398 Cereris,

219 2441 278 2506 449.
296 2437 352 2493 Un.
365 2453 398 2488 ex
411 2437 489 2505 vulg.
507 2438 617 2500 iamque,
634 2437 714 2507 quod
728 2436 775 2486 Hs·
786 2452 860 2498 reu,
877 2451 933 2504 ego
948 2445 1039 2490 ceter.
1054 2451 1131 2490 omn.
1148 2435 1220 2491 lect.

151 2528 267 2584 reduxi.
302 2532 363 2596 450.
383 2529 445 2580 dlii
456 2549 501 2578 non
508 2541 563 2594 pat.
584 2528 629 2579 Ita
642 2527 767 2580 discissa
780 2539 863 2580 terra
875 2529 1015 2599 ap.Virg.
1026 2530 1061 2580 A.
1077 2528 1150 2594 Vlll,
1160 2531 1220 2596 246.

152 2627 274 2690 trepident
285 2625 393 2674 immisso
406 2625 496 2674 lumine
504 2625 605 2679 Manes.
625 2653 657 2661 -—
675 2623 719 2672 Dc
730 2622 809 2672 Or'co
822 2621 951 2674 Ennius:
970 2624 1117 2674 Acherusia
1130 2625 1220 2690 templa

149 2718 201 2766 alta
222 2719 291 2780 Orci,
304 2719 399 2783 pallide
420 2719 477 2766 Leti
492 2718 620 2780 adnztbile,
641 2719 720 2768 obsita
734 2718 910 2767 tenebrisloca.
965 2719 1027 2782 451.
1044 2716 1119 2773 Edd,
1130 2718 1216 2786 prim.

152 2818 182 2860 et
199 2808 302 2877 quinq.
319 2808 404 2865 codd.
418 2819 516 2865 nostr.
534 2809 593 2880 leg.
614 2810 694 2886 quod
707 2807 749 2861 Hs
764 2809 907 2873 retinuit,
930 2818 999 2862 octo
1018 2811 1141 2858 cumidem
1149 2811 1219 2878 flore

151 2903 289 2966 ministrae,
306 2913 420 2974 septem
433 2907 572 2956 cumulatae
586 2935 619 2946 -
633 2906 770 2955 ministrae.
819 2902 879 2969 452,
900 2903 956 2958 Un.
972 2919 1005 2954 ex
1020 2913 1083 2973 opt,
1096 2915 1140 2952 tue
1154 2915 1218 2965 acta,

151 3005 292 3062 venuste,
309 2996 351 3049 ait
364 2997 418 3054 Hs,
453 2998 514 3063 453.
529 2997 571 3050 Hs
589 3015 605 3050 e
624 2998 742 3051 melior.
763 3000 885 3059 Harae,
903 3005 960 3050 cet.
975 2997 1018 3053 Et.
1060 2997 1122 3063 454.
1142 2997 1216 3048 Tres

151 3099 214 3158 opt.
224 3102 367 3142 moestae-
377 3111 463 3155 manu,
471 3092 541 3143 hine
549 3091 591 3143 Hs
600 3091 658 3147 see.
670 3101 700 3143 et
711 3108 773 3146 rec.
783 3101 925 3141 maestee-
934 3109 1034 3154 mauras5
1048 3091 1181 3148 utTrist.
1192 3091 1216 3156 I,

150 3183 177 3247 3,
187 3183 231 3250 78.
244 3182 293 3234 hic
304 3200 408 3236 versus
419 3184 483 3236 sinc
494 3185 665 3254 scripturae
680 3183 856 3236 diversitate
865 3184 996 3254 legitur3
1013 3185 1106 3238 ceteri
1116 3203 1217 3238 omnes

148 3289 239 3327 incesta
250 3307 284 3316 --
295 3297 381 3343 manu,
397 3279 478 3348 quod
491 3279 616 3336 retinui,
635 3279 682 3335 Cf,
693 3279 740 3344 lll,
750 3278 811 3344 864,
853 3279 914 3344 456.
932 3280 993 3332 Alii
1007 3283 1107 3347 clamet,
1121 3285 1164 3332 ubi
1174 3285 1218 3332 cs?

149 3372 208 3438 457.
228 3371 472 3424 Praestantiorcs
487 3376 579 3440 quales,
598 3373 679 3444 quod
693 3373 735 3424 Hs
749 3389 823 3435 rec„
840 3383 897 3429 cet.
914 3385 940 3423 ut
954 3393 1025 3440 quas.
1045 3374 1166 3430 Homer.
1179 3375 1217 3429 Η,

150 3461 270 3530 tler.4o,
301 3452 374 3527 Ὀξὺ
386 3453 420 3512 de'
436 3479 487 3532 μιν
506 3455 635 3542 κραδίην
656 3450 735 3540 ἄχος
756 3452 889 3538 ἔλλαβεν
910 3493 951 3504 -
968 3461 1090 3520 Σεύατο
1107 3457 1215 3520 d'ol'od’

149 3547 271 3623 οἰωνὸς,
286 3548 338 3608 ἐπὶ
348 3552 509 3635 τραφερήν
525 3575 561 3611 τε
574 3551 628 3610 καὶ
640 3551 734 3634 ὑγρὴν
748 3550 923 3632 Meropem.
972 3563 1033 3630 458.
1050 3563 1111 3615 Alii
1124 3567 1216 3629 passr's,

148 3651 290 3718 aliifasis,
304 3652 381 3705 illud
393 3653 450 3718 Hs,
468 3653 525 3707 hoo
536 3654 641 3712 Burm,
659 3671 733 3718 rec,
746 3673 797 3711 un.
812 3671 846 3706 ex
858 3656 924 3712 mel.
941 3659 1044 3722 sparsis,
1078 3656 1139 3722 460.
1157 3657 1215 3712 Un.

149 3759 183 3795 ex
197 3755 259 3815 opt,
272 3749 391 3812 queritur,
410 3747 532 3805 Lucret,
543 3747 581 3814 ll,
591 3749 652 3806 355.
666 3751 709 3801 At
719 3761 796 3800 meter
808 3747 930 3816 (rituli)
940 3751 1029 3800 virides
1038 3751 1118 3798 saltus
1129 3751 1216 3800 orbate

145 3856 280 3907 peragrans
290 3842 394 3908 Linquit
401 3843 474 3893 humi
480 3845 584 3909 pedibus
595 3847 696 3914 vestigia
705 3860 790 3912 pressa
801 3844 910 3908 bisulcis,
922 3844 1014 3894 Omnia
1025 3845 1147 3894 conruens
1157 3861 1214 3895 ocu·

148 3932 180 3981 lis
192 3933 257 3998 loca',
271 3937 296 3984 si
301 3947 373 4001 queat
380 3953 485 4004 usquam
495 3937 637 4004 conspicere
644 3940 764 3988 eruissem
763 3937 862 4005 sctum,
872 3938 1019 4004 completque
1028 3939 1130 4004 querelis
1137 3941 1215 3992 Fron·

145 4025 257 4092 dfirum
269 4047 356 4080 nemus
368 4031 494 4088 assistens,
506 4059 540 4071 -·
578 4031 638 4098 461,
657 4031 719 4084 Alii
737 4052 784 4085 nou
801 4033 885 4096 ratim,
902 4029 982 4100 quod
997 4029 1089 4104 Neap.
1104 4032 1215 4101 placet,

146 4120 207 4184 462,
224 4121 351 4174 Plurimi
366 4142 382 4174 e
396 4126 499 4192 campis,
675 4137 676 4141 ’
