2906 4836
497 275 728 338 FASTORUM
755 277 836 338 Lm.
861 279 915 338 111.

173 459 276 522 Ridet
298 471 332 518 et
354 459 423 540 ipse
446 459 542 534 deus,
564 459 740 539 limumque
763 459 921 520 inducere
943 471 1114 522 monstrat.

210 566 276 627 Hie
298 578 395 648 paret
416 565 549 626 monitis
572 579 605 628 et
626 566 702 628 linit
723 586 782 628 ora
802 569 884 634 luto.

169 673 269 746 Melle
290 684 387 755 pater
408 672 546 748 fruitur,
570 672 703 756 liboque
725 670 833 733 infusa
854 671 976 736 calenti

211 782 287 840 iure
309 780 479 862 repertori
501 779 637 840 eandida
658 779 755 841 mella
777 779 899 840 damus.

169 886 305 948 Femina
327 907 385 947 cur
406 899 573 968 praestet,
595 905 661 948 non
683 898 732 946 est
752 885 891 946 rationis
911 899 1058 969 opertae.

211 994 385 1053 Femineas
409 993 520 1074 thyrso
542 993 684 1054 eoncitat
706 993 764 1054 ille
787 993 936 1059 choros..

172 1100 240 1161 Cur
262 1118 339 1160 anns
359 1098 421 1159 hoc
443 1099 560 1176 iaciat,
583 1101 723 1183 qnaeris.
765 1100 921 1167 Vinosior
943 1113 1030 1162 aetas

210 1210 302 1268 Haec
324 1219 393 1282 est,
416 1219 450 1268 et
473 1206 625 1287 gravidae
646 1227 781 1268 munera
802 1207 880 1271 vitis
903 1227 1018 1275 amans.

172 1314 239 1375 Cur
261 1312 385 1374 hedera
401 1313 509 1374 cincta
531 1327 596 1392 est3
619 1313 753 1374 Hedera
768 1326 816 1373 est
832 1315 1011 1396 gratissima
1021 1315 1161 1382 Baccho.

209 1424 437 1504 Hoe‚quoque
459 1441 519 1482 our
541 1421 588 1481 ita
610 1422 670 1496 sit,
694 1421 807 1481 dicere
828 1423 917 1482 nulla
937 1443 1029 1484 mora
1051 1437 1114 1486 est.

169 1528 326 1609 Nysiadas
348 1527 532 1610 Nymphae,
554 1547 692 1610 puerum
715 1541 895 1609 quaerente
917 1549 1075 1609 noverca,
1159 1559 1161 1562 ·

210 1637 303 1695 Hanc
326 1634 478 1696 frondem
500 1635 593 1696 cunis
618 1654 805 1718 opposuere
827 1637 933 1699 novis·
1183 1662 1242 1721 77⁰

170 1743 304 1818 Restat,
327 1754 363 1802 ut
383 1741 565 1818 inveniam,
589 1762 690 1824 quare
713 1756 789 1825 toga
810 1743 918 1803 libera
940 1744 1038 1806 detur

211 1849 371 1911 Lucifero
391 1851 524 1932 pueris,
547 1850 684 1912 candide
705 1850 849 1938 Bacche,
874 1863 949 1928 tno;

240 2050 303 2120 759,
323 2049 366 2101 Hs
378 2064 451 2107 mar,
468 2049 581 2114 limoque,
616 2048 677 2118 761.
695 2047 753 2104 Un.
763 2049 869 2113 potitur.
882 2078 916 2087 -
931 2048 998 2100 Duo
1016 2050 1131 2103 melior.
1145 2055 1243 2107 recenti.

173 2142 233 2210 762.
252 2141 373 2199 Melior.
390 2159 491 2195 omnes
507 2143 628 2206 candida,
648 2141 727 2211 quod
739 2140 781 2194 Hs
800 2159 879 2207 rec.,
903 2141 999 2194 ceteri
1018 2144 1160 2213 splendida,
1183 2145 1241 2198 duo

172 2235 245 2286 malla
257 2247 349 2302 reperta
362 2239 388 2292 d.
423 2234 484 2311 7⁶³t
504 2235 579 2312 Tres
592 2252 624 2288 ex
641 2245 704 2306 opt.
715 2248 816 2304 presset,
833 2236 913 2308 quod
923 2237 965 2290 Hs
980 2255 1055 2304 rea,
1070 2240 1165 2292 ceteri
1174 2261 1242 2308 pres·

170 2329 217 2393 sit,
230 2331 335 2396 praesit,
347 2340 470 2396 praestet,
481 2321 601 2403 ¹praestet,
616 2324 693 2400 qdod
706 2346 740 2382 cx
751 2330 908 2401 eddvulg,
922 2333 1050 2390 servavi.
1067 2333 1124 2404 sp,
1139 2333 1242 2391 Nostr.

171 2423 212 2480 Μ.
227 2423 279 2488 IV,
293 2428 321 2490 4.
335 2425 436 2476 Fastmn
449 2423 566 2475 celedrere
579 2427 691 2474 sacerdes
701 2425 830 2475 Immunes
846 2442 944 2490 opernm
958 2426 1071 2476 dominas
1076 2425 1244 2493 famulamque

172 2535 274 2568 satorum
285 2520 393 2569 Pectora
400 2521 463 2586 pelle
476 2519 535 2588 tegi,
548 2519 651 2568 crinales
661 2519 847 2582 solesmenses,
864 2522 932 2570 Serta
943 2536 1036 2583 wmae,
1048 2519 1243 2586 manihnsfron·

170 2613 255 2661 dantes
267 2609 362 2662 sumere
374 2613 472 2678 thyrsos
484 2615 597 2664 Iusserat
609 2642 642 2651 -
652 2623 740 2678 parent
750 2622 886 2678 matresque
898 2629 1028 2677 nurusque.
1074 2612 1136 2678 765.
1152 2611 1242 2666 Multi

170 2705 243 2762 daec.-
260 2704 304 2756 De
318 2704 453 2758 absoluto
466 2707 563 2772 quaeris
576 2703 661 2757 nulla
679 2703 779 2756 addita
796 2705 1009 2757 coniunctione
1028 2703 1067 2761 ef.
1081 2704 1118 2756 ad
1133 2705 1165 2771 1,
1182 2723 1243 2776 ert).

171 2797 235 2864 766.
253 2796 351 2854 Nona.
361 2809 411 2861 est,
425 2797 505 2868 quod
515 2797 556 2850 Hs
572 2813 650 2862 rec„
669 2797 764 2850 ceteri
774 2809 838 2864 erat,
849 2827 882 2836 -
896 2797 952 2849 Sex
965 2807 1028 2868 opt.
1041 2807 1070 2850 ct
1084 2797 1136 2850 alii
1145 2818 1242 2865 amans,

173 2889 305 2960 quost
319 2906 393 2956 ree,
412 2892 506 2944 aeteri
518 2903 596 2949 amat.
631 2890 693 2962 769.
713 2890 1242 2960 Codd.varieNiliadas,Niseides,1t]e·

170 2985 262 3049 siadas,
275 2986 408 3043 Nisiades.
426 2985 484 3038 Sex
502 2996 566 3056 opt.
582 3003 640 3056 pro
656 2985 763 3043 Aecus.
772 2988 902 3052 Nysiadas
914 2987 1047 3053 Nymphas
1060 3013 1092 3024 -
1104 2987 1243 3055 opposuisse

157 3077 255 3146 serunt
269 3077 329 3148 leg,
342 3077 387 3144 id,
408 3079 489 3150 quod
500 3080 541 3132 Hs
555 3095 630 3146 roe„
648 3078 708 3131 nisi
721 3079 801 3150 quod
818 3079 860 3132 Hs
876 3099 1007 3147 apposuere
1023 3096 1082 3136 ser.
1095 3097 1153 3150 pro
1169 3102 1241 3151 appa·
1274 3085 1279 3106 '

169 3189 253 3236 suere,
269 3172 351 3241 quod
368 3187 423 3243 ego
438 3189 514 3240 rec„
531 3183 647 3245 septem
662 3174 722 3246 leg.
742 3177 883 3243 apposuisse
883 3174 988 3244 serunt.
1010 3172 1120 3226 Noster
1133 3174 1175 3234 M.
1186 3173 1241 3243 III,

159 3263 232 3322 -313,
250 3267 350 3316 Furtim
359 3267 429 3318 illum
438 3269 528 3335 primis
538 3271 587 3319 Ino
598 3280 728 3319 matertera
739 3271 810 3320 annis
820 3269 931 3333 Edneat;
949 3270 1005 3318 inde
1013 3271 1098 3318 datum
1108 3267 1242 3339 Nymphae

126 3395 130 3402 .
170 3359 942 3429 NyseidesantrisOeeulueresarlt,Iaetnqnealimentadedera.
960 3362 1241 3432 Homer2Hymn0250

170 3453 373 3537 Κιοσοκόμην
382 3454 540 3520 Διόνυσον
552 3488 592 3500 -
604 3457 724 3543 τρέφον
732 3455 1006 3541 ἠύκομοιΝομφαι
1019 3456 1107 3543 παρὰ
1118 3455 1240 3542 πατρὸς

170 3545 303 3628 deendor
313 3553 487 3638 Δεξάμενοι
501 3556 660 3634 κόλποισι,
673 3558 728 3618 καὶ
736 3557 883 3631 ἐνδυκέως
892 3556 1081 3631 ἀτίταλλον,
1090 3555 1197 3629 Νύσης
1207 3553 1240 3618 ἐν

168 3649 307 3730 γυάλοις.
357 3679 420 3730 77¹·
445 3659 546 3713 Ovidii
566 3676 669 3714 causas
688 3661 791 3714 reiicit
810 3678 911 3714 omnes
932 3659 966 3716 Ο.
980 3659 1017 3716 A.
1031 3657 1188 3728 Boettiger
1201 3656 1238 3711 de

171 3754 283 3823 origin.
299 3754 437 3807 tirocinii
454 3772 485 3826 p.
505 3771 547 3822 10,
566 3755 618 3826 qni
636 3755 682 3808 hie
701 3754 894 3808 Liberalibus
908 3763 1010 3808 censet
1030 3752 1238 3806 adolescentes

170 3845 241 3897 olim
251 3845 360 3900 Bacchi
373 3848 469 3902 saeris
481 3848 631 3918 mysteriis
643 3847 780 3900 initiatos
790 3863 926 3918 novaque
936 3856 1018 3900 veste
1032 3846 1094 3899 sire
1107 3855 1240 3914 tegeor·

170 3949 259 3992 natos
270 3939 375 3999 fuisse.
408 3959 470 4011 77²·
487 3935 530 3994 Ex
542 3951 623 4011 quat.
636 3952 700 4012 opt.
715 3951 745 3994 et
764 3959 815 3994 sex
832 3942 900 3996 aliis
916 3951 1014 3999 nostr.
1027 3940 1097 3997 lect.
1108 3939 1150 3992 Hs
1162 3955 1237 4004 ree„

169 4031 223 4084 alii
237 4032 339 4098 aliter,
352 4035 478 4106 anfin's
485 4037 571 4102 pneris
581 4065 614 4076 —
626 4037 689 4104 tuis,
702 4045 753 4090 aut
761 4038 829 4089 Luae
834 4038 889 4106 geri
893 4036 977 4106 pneris
990 4065 1024 4076 -
1039 4045 1092 4102 tna,
1107 4042 1158 4089 aut
1172 4035 1238 4087 Erras

155 4128 228 4194 feris
235 4146 264 4194 p.
277 4157 311 4167 ··
321 4138 375 4184 tna.
