2876 4826
499 276 731 340 FASTORUM
753 276 831 336 LIB.
854 275 896 335 1:
1184 271 1225 338 25

145 461 219 523 Neo
240 470 346 527 tamen
367 455 403 516 i'd
425 456 557 524 I'alsum:
580 471 663 534 nant,
688 461 793 520 dicut
814 454 961 540 proxima
981 472 1141 536 quaeque,

190 569 283 628 Nune
304 586 410 648 penna
431 583 547 640 veras,
569 585 656 626 nunc
680 564 762 630 datis
783 584 841 632 ore
864 575 969 626 notas.

146 678 238 739 Tuta
259 674 316 734 diu
336 674 508 740 volucrum
529 676 641 754 proles
661 685 733 736 tum
754 671 894 754 denique
918 690 1009 731 caeca
1032 683 1093 748 est,

191 787 415 864 laveruntque
439 781 518 842 deos
541 779 659 840 indicis
683 791 756 840 exta
778 779 841 840 eui.
1165 780 1225 850 450

145 891 239 968 Ergo
262 907 371 970 saepe·
385 907 443 948 auo
466 885 583 948 coniux
606 885 743 948 abducta
764 887 883 949 marito

191 995 308 1056 Uritur
330 995 365 1054 in
387 994 500 1056 calidis
524 993 595 1052 alba
617 992 766 1054 columba
787 993 881 1058 iocis.

146 1105 218 1165 Nec
241 1103 376 1164 ‹Iei'ensa
397 1101 509 1165 iuvant
532 1099 713 1182 Capitolia,
737 1120 802 1182 quo
823 1100 929 1161 minus
952 1120 1046 1164 anser

190 1213 258 1270 Det
279 1210 372 1270 iecur
393 1207 575 1283 inimcos,
598 1205 709 1268 Inachi
731 1207 838 1285 lauta,
862 1221 945 1276 tuas.

146 1321 255 1381 Nocte
278 1315 358 1376 deae
380 1313 475 1376 Nocti
500 1315 653 1376 cristatus
676 1314 826 1380 caeditur
848 1315 928 1390 ales,
1164 1315 1224 1389 455

192 1423 290 1518 Quod
310 1421 459 1504 tepidum
481 1401 572 1500 vigili
593 1433 750 1502 provocat
773 1441 831 1482 ore
855 1419 953 1482 diem.

144 1533 282 1593 Interea
296 1528 449 1611 ‘Delphin
470 1527 593 1598 clarum
615 1545 713 1608 super
736 1545 877 1608 aequora
900 1529 990 1590 sidus

192 1637 357 1714 Tollitur,
380 1649 414 1696 et
435 1635 552 1718 patriis
575 1633 699 1694 exserit
721 1653 779 1695 ora
800 1635 902 1700 vadis.

138 1854 288 1918 Postera
309 1851 366 1912 lux
385 1852 525 1912 hiemem
545 1850 653 1915 medio
677 1847 868 1932 discrimipe
891 1851 1011 1934 signat,

190 1963 368 2043 Aequaque
389 1959 611 2042 praeteritae,
636 1978 719 2040 quae
743 1958 931 2041 superabit,
954 1959 1030 2020 erit.
1165 1963 1226 2035 coo

147 2171 304 2234 Proxima
325 2171 509 2254 prospiciet
529 2173 674 2235 Tithono
696 2177 825 2236 Aurora
847 2174 966 2235 relicto

191 2279 350 2340 Arcadiae
364 2298 500 2342 *sacrum
520 2281 710 2362 pontificale
733 2281 825 2344 deae.

147 2388 200 2447 'I'e
223 2365 353 2470 quoque
382 2387 437 2446 lux
464 2387 596 2464 eadem,
625 2388 730 2448 Turni
752 2407 865 2462 soror,
895 2386 974 2448 aede
997 2389 1139 2470 recepit,
1225 2451 1239 2471 Ι,

189 2493 254 2554 Hic
276 2493 333 2554 uhi
355 2493 516 2576 Virginea
537 2515 669 2576 campus
692 2495 804 2556 obitur
826 2515 919 2577 aqua.

147 2601 244 2660 Unde
265 2612 375 2682 petam
397 2620 507 2660 causas
530 2601 649 2660 horum
668 2621 859 2683 moremque
882 2603 1079 2664 sacrorum?
1162 2605 1233 2678 466

192 2706 323 2786 Dirigat
345 2706 380 2767 in
401 2705 509 2768 medio
532 2707 605 2788 quis
627 2727 698 2768 mea
719 2708 791 2771 vela
813 2708 928 2770 theto?

219 2975 280 3044 447,
293 2974 445 3044 Aiiiizoes.
457 3005 491 3014 -—
501 2975 568 3028 Duo
569 2976 656 3042 falso.
667 3005 700 3013 —
709 2975 770 3027 Alii
784 2997 892 3045 querque
904 2993 949 3045 cst,
963 2980 1080 3038 melior.
1091 2995 1127 3033 est
1140 2985 1225 3038 omit·

145 3075 230 3123 tunt.
262 3067 322 3134 448.
335 3067 397 3121 Alii
407 3072 503 3127 vetitas,
521 3069 556 3120 In
567 3069 701 3138 auguriis
713 3085 780 3122 aves
792 3083 861 3124 sunt
872 3083 922 3124 aui
931 3087 1057 3142 praepetes
1066 3087 1117 3130 aut
1126 3083 1228 3136 oscines.
1238 3107 1241 3113 ·

145 3164 208 3232 449,
227 3161 302 3214 Tres
311 3163 419 3214 volucris
429 3193 463 3202 ..
473 3163 547 3214 'l'rcs
558 3166 740 3232 nunedeniqne.
768 3167 828 3242 45¹1.
842 3165 900 3224 Uo,
909 3171 1038 3236 adiuncta,
1049 3187 1102 3224 sex
1108 3177 1226 3224 adducta.

145 3256 209 3318 452.
226 3253 282 3312 Un.
294 3257 389 3324 ignitis,
402 3255 533 3324 quost
545 3256 657 3325 placet,
672 3257 720 3310 vel
730 3257 934 3329 quodeonicc.
946 3265 1043 3314 Idaliis
1055 3264 1116 3318 sive
1129 3269 1155 3316 in
1167 3261 1226 3318 Cizi-

146 3349 248 3402 diie—
259 3347 316 3400 Sex
325 3351 418 3400 blanda
427 3351 473 3405 eol,
488 3349 532 3401 De
542 3351 700 3404 anseribus
710 3351 854 3422 Capitolii
866 3357 1073 3411 servatoribus
1085 3375 1111 3410 a.
1122 3360 1226 3414 Uota.

146 3458 173 3500 a,
191 3441 224 3498 C.
242 3441 302 3511 391.
318 3443 354 3494 ct'.
374 3443 438 3495 Liv.
449 3441 487 3507 V,
501 3447 544 3513 47.
564 3443 607 3494 De
620 3442 714 3510 Iside,
734 3445 835 3500 Inachi
845 3449 923 3513 filia,
937 3467 963 3506 v.
976 3449 1061 3508 Ovid.
1072 3451 1113 3504 M.
1128 3451 1156 3518 l,
1166 3457 1227 3519 747.

147 3538 213 3605 [154.
231 3535 293 3588 Alii
307 3527 408 3588 Inacho
420 3539 499 3603 laute,
521 3536 573 3588 alii
589 3540 633 3596 In.
643 3559 716 3591 eaeea
730 3551 780 3592 aut
792 3544 866 3592 bacea
878 3552 928 3595 aut
939 3546 1005 3600 dira.
1054 3544 1116 3610 455.
1136 3543 1229 3605 Codri,

150 3633 377 3696 omncsNoetis‚-‚
390 3649 441 3690 un.
458 3632 563 3702 optim.
580 3635 671 3698 Nocti)
693 3634 771 3702 quod
787 3634 829 3687 Hs
847 3653 909 3694 rec,
955 3638 1015 3703 456.
1033 3637 1096 3690 Alii
1105 3651 1228 3704 provocet,

147 3725 212 3792 457.
228 3723 289 3775 Alii
303 3727 413 3782 aethere,
448 3725 509 3790 461,
524 3725 587 3778 Alii
600 3729 722 3793 respiciet,
735 3732 873 3797 perspiciet,
888 3733 1028 3800 conspiciet
1042 3760 1077 3772 —-
1090 3731 1151 3784 Pro
1163 3732 1226 3786 Au·
1242 3741 1244 3747 '

148 3827 325 3888 roraseptem
337 3819 1025 3890 napta,quostroc‚cgocete1².Ieet.s‘ervavi.
1052 3824 1115 3892 464.
1123 3815 1228 3898 Aquae

152 3911 278 3978 duetus,
296 3913 393 3985 Virgo
412 3931 488 3986 aqua
506 3913 691 3986 appellatus,
713 3916 748 3969 ab
759 3917 896 3990 Agrippa
908 3918 1015 3971 ductus
1034 3929 1100 3972 erat
1117 3922 1227 3975 acolle

149 4005 310 4060 hortorum
329 3999 424 4080 usquo
445 4011 481 4062 ad
490 4007 630 4078 Campum
638 4009 797 4078 Martium,
814 4012 846 4064 in
865 4013 949 4065 ouius
960 4012 1072 4066 vicinia
1084 4014 1228 4070 aodesIu·

148 4107 260 4154 tornae
275 4111 352 4158 erat.
387 4102 448 4169 465.
463 4101 590 4156 Plurimi
601 4123 735 4176 moresque.
770 4105 831 4174 466.
846 4105 936 4161 Multi
950 4109 1049 4182 diriget,
1066 4107 1120 4165 atii
1131 4113 1230 4184 dirigit.
