<?xml version="1.0" encoding="UTF-8"?>
<!DOCTYPE html PUBLIC "-//W3C//DTD XHTML 1.0 Transitional//EN"
    "http://www.w3.org/TR/xhtml1/DTD/xhtml1-transitional.dtd">
<html xmlns="http://www.w3.org/1999/xhtml" xml:lang="en" lang="en">
 <head>
  <title>
</title>
<meta http-equiv="Content-Type" content="text/html;charset=utf-8" />
  <meta name='ocr-system' content='tesseract 3.04.00' />
  <meta name='ocr-capabilities' content='ocr_page ocr_carea ocr_par ocr_line ocrx_word'/>
</head>
<body>
  <div class='ocr_page' id='page_1' title='image "./povidiinasonisf00krebgoog_0153.png"; bbox 0 0 2906 4836; ppageno 0'>
   <div class='ocr_carea' id='block_1_1' title="bbox 221 242 960 328">
    <p class='ocr_par' dir='ltr' id='par_1_1' title="bbox 221 242 960 328">
     <span class='ocr_line' id='line_1_1' title="bbox 221 242 960 328; baseline -0.023 -5"><span class='ocrx_word' id='word_1_1' title='bbox 221 261 286 324; x_wconf 80' lang='lat'><strong>112</strong></span> <span class='ocrx_word' id='word_1_2' title='bbox 558 245 597 310; x_wconf 83' lang='grc' dir='ltr'><strong>Ρ.</strong></span> <span class='ocrx_word' id='word_1_3' title='bbox 618 247 755 316; x_wconf 81' lang='lat' dir='ltr'><strong>ouon</strong></span> <span class='ocrx_word' id='word_1_4' title='bbox 775 242 960 328; x_wconf 73' lang='lat' dir='ltr'><strong>ursolus</strong></span> 
     </span>
    </p>
   </div>
   <div class='ocr_carea' id='block_1_2' title="bbox 304 422 1204 514">
    <p class='ocr_par' dir='ltr' id='par_1_2' title="bbox 304 422 1204 514">
     <span class='ocr_line' id='line_1_2' title="bbox 304 422 1204 514; baseline -0.017 -18"><span class='ocrx_word' id='word_1_5' title='bbox 304 435 387 495; x_wconf 88' lang='lat' dir='ltr'><strong>Pars</strong></span> <span class='ocrx_word' id='word_1_6' title='bbox 409 432 457 492; x_wconf 92' lang='lat' dir='ltr'><strong>ibi</strong></span> <span class='ocrx_word' id='word_1_7' title='bbox 479 449 540 514; x_wconf 87' lang='lat' dir='ltr'><strong>pro</strong></span> <span class='ocrx_word' id='word_1_8' title='bbox 562 429 682 510; x_wconf 78' lang='lat' dir='ltr'><strong>rigidis</strong></span> <span class='ocrx_word' id='word_1_9' title='bbox 706 427 844 488; x_wconf 80' lang='lat' dir='ltr'><strong>calamos</strong></span> <span class='ocrx_word' id='word_1_10' title='bbox 865 435 1012 486; x_wconf 77' lang='lat' dir='ltr'><strong>statuere</strong></span> <span class='ocrx_word' id='word_1_11' title='bbox 1036 422 1204 499; x_wconf 89' lang='lat' dir='ltr'><strong>columnis,</strong></span> 
     </span>
    </p>
   </div>
   <div class='ocr_carea' id='block_1_3' title="bbox 223 535 1224 846">
    <p class='ocr_par' dir='ltr' id='par_1_3' title="bbox 223 535 1224 846">
     <span class='ocr_line' id='line_1_3' title="bbox 223 535 997 622; baseline -0.021 -16"><span class='ocrx_word' id='word_1_12' title='bbox 223 545 283 610; x_wconf 75' lang='lat'><strong>530</strong></span> <span class='ocrx_word' id='word_1_13' title='bbox 345 545 499 622; x_wconf 84' lang='lat' dir='ltr'><strong>Desuper</strong></span> <span class='ocrx_word' id='word_1_14' title='bbox 522 548 668 600; x_wconf 79' lang='lat' dir='ltr'><strong>extentas</strong></span> <span class='ocrx_word' id='word_1_15' title='bbox 692 535 874 614; x_wconf 82' lang='lat' dir='ltr'><strong>imposuere</strong></span> <span class='ocrx_word' id='word_1_16' title='bbox 896 543 997 613; x_wconf 85' lang='lat' dir='ltr'><strong>togas.</strong></span> 
     </span>
     <span class='ocr_line' id='line_1_4' title="bbox 305 643 1224 724; baseline -0.017 -14"><span class='ocrx_word' id='word_1_17' title='bbox 305 647 381 710; x_wconf 88' lang='lat' dir='ltr'><strong>Sole</strong></span> <span class='ocrx_word' id='word_1_18' title='bbox 403 658 510 708; x_wconf 85' lang='lat' dir='ltr'><strong>tamen</strong></span> <span class='ocrx_word' id='word_1_19' title='bbox 531 643 674 724; x_wconf 85' lang='lat' dir='ltr'><strong>vinoque</strong></span> <span class='ocrx_word' id='word_1_20' title='bbox 697 643 820 715; x_wconf 84' lang='lat' dir='ltr'><strong>calent,</strong></span> <span class='ocrx_word' id='word_1_21' title='bbox 844 657 1009 720; x_wconf 87' lang='lat' dir='ltr'><strong>annosque</strong></span> <span class='ocrx_word' id='word_1_22' title='bbox 1032 649 1224 720; x_wconf 74' lang='lat' dir='ltr'><strong>precantur,</strong></span> 
     </span>
     <span class='ocr_line' id='line_1_5' title="bbox 345 743 1218 846; baseline -0.016 -30"><span class='ocrx_word' id='word_1_23' title='bbox 345 755 434 846; x_wconf 80' lang='lat' dir='ltr'><strong>Quot</strong></span> <span class='ocrx_word' id='word_1_24' title='bbox 456 761 581 813; x_wconf 89' lang='lat' dir='ltr'><strong>sumant</strong></span> <span class='ocrx_word' id='word_1_25' title='bbox 604 747 749 830; x_wconf 83' lang='lat' dir='ltr'>cyathos,</span> <span class='ocrx_word' id='word_1_26' title='bbox 773 745 812 806; x_wconf 91' lang='lat' dir='ltr'><strong>ad</strong></span> <span class='ocrx_word' id='word_1_27' title='bbox 833 764 1068 825; x_wconf 84' lang='lat' dir='ltr'><strong>numerumque</strong></span> <span class='ocrx_word' id='word_1_28' title='bbox 1090 743 1218 804; x_wconf 86' lang='lat' dir='ltr'><strong>bibunt.</strong></span> 
     </span>
    </p>
   </div>
   <div class='ocr_carea' id='block_1_4' title="bbox 225 851 1296 1903">
    <p class='ocr_par' dir='ltr' id='par_1_4' title="bbox 225 851 1296 1903">
     <span class='ocr_line' id='line_1_6' title="bbox 305 851 1093 936; baseline -0.018 -12"><span class='ocrx_word' id='word_1_29' title='bbox 305 862 455 926; x_wconf 83' lang='lat' dir='ltr'><strong>Invenies</strong></span> <span class='ocrx_word' id='word_1_30' title='bbox 476 859 566 932; x_wconf 89' lang='lat' dir='ltr'><strong>illic,</strong></span> <span class='ocrx_word' id='word_1_31' title='bbox 590 856 646 936; x_wconf 87' lang='lat' dir='ltr'><strong>qui</strong></span> <span class='ocrx_word' id='word_1_32' title='bbox 667 853 817 916; x_wconf 81' lang='lat' dir='ltr'><strong>Nestoris</strong></span> <span class='ocrx_word' id='word_1_33' title='bbox 839 851 950 913; x_wconf 85' lang='lat' dir='ltr'><strong>ebibat</strong></span> <span class='ocrx_word' id='word_1_34' title='bbox 971 869 1093 910; x_wconf 89' lang='lat' dir='ltr'><strong>annos:</strong></span> 
     </span>
     <span class='ocr_line' id='line_1_7' title="bbox 347 957 1180 1064; baseline -0.018 -33"><span class='ocrx_word' id='word_1_35' title='bbox 347 970 439 1064; x_wconf 81' lang='lat' dir='ltr'><strong>Quae</strong></span> <span class='ocrx_word' id='word_1_36' title='bbox 462 967 504 1027; x_wconf 89' lang='lat' dir='ltr'><strong>sit</strong></span> <span class='ocrx_word' id='word_1_37' title='bbox 524 983 585 1047; x_wconf 86' lang='lat' dir='ltr'><strong>per</strong></span> <span class='ocrx_word' id='word_1_38' title='bbox 609 961 727 1024; x_wconf 89' lang='lat' dir='ltr'><strong>calices</strong></span> <span class='ocrx_word' id='word_1_39' title='bbox 750 959 834 1019; x_wconf 90' lang='lat' dir='ltr'><strong>l&#39;acta</strong></span> <span class='ocrx_word' id='word_1_40' title='bbox 856 957 979 1038; x_wconf 81' lang='lat' dir='ltr'><strong>Sibylla</strong></span> <span class='ocrx_word' id='word_1_41' title='bbox 1002 977 1090 1022; x_wconf 87' lang='lat' dir='ltr'><strong>suos.</strong></span> <span class='ocrx_word' id='word_1_42' title='bbox 1177 1035 1180 1046; x_wconf 29' lang='grc' dir='ltr'>Ι</span> 
     </span>
     <span class='ocr_line' id='line_1_8' title="bbox 225 1063 1130 1151; baseline -0.018 -11"><span class='ocrx_word' id='word_1_43' title='bbox 225 1078 604 1146; x_wconf 77' lang='lat' dir='ltr'><strong>5351tticetcantant,</strong></span> <span class='ocrx_word' id='word_1_44' title='bbox 628 1067 788 1151; x_wconf 88' lang='lat' dir='ltr'><strong>quidquid</strong></span> <span class='ocrx_word' id='word_1_45' title='bbox 811 1063 959 1126; x_wconf 84' lang='lat' dir='ltr'><strong>didicere</strong></span> <span class='ocrx_word' id='word_1_46' title='bbox 982 1064 1130 1144; x_wconf 83' lang='lat' dir='ltr'><strong>theatris,</strong></span> 
     </span>
     <span class='ocr_line' id='line_1_9' title="bbox 347 1172 1085 1244; baseline -0.016 0"><span class='ocrx_word' id='word_1_47' title='bbox 347 1186 390 1244; x_wconf 91' lang='lat' dir='ltr'><strong>Et</strong></span> <span class='ocrx_word' id='word_1_48' title='bbox 412 1182 533 1242; x_wconf 87' lang='lat' dir='ltr'><strong>iactant</strong></span> <span class='ocrx_word' id='word_1_49' title='bbox 554 1176 669 1238; x_wconf 77' lang='lat' dir='ltr'><strong>faciles</strong></span> <span class='ocrx_word' id='word_1_50' title='bbox 691 1173 731 1234; x_wconf 88' lang='lat' dir='ltr'><strong>ad</strong></span> <span class='ocrx_word' id='word_1_51' title='bbox 753 1191 808 1232; x_wconf 89' lang='lat' dir='ltr'><strong>sua</strong></span> <span class='ocrx_word' id='word_1_52' title='bbox 828 1172 930 1235; x_wconf 82' lang='lat' dir='ltr'><strong>verba</strong></span> <span class='ocrx_word' id='word_1_53' title='bbox 952 1192 1085 1232; x_wconf 88' lang='lat' dir='ltr'><strong>manus:</strong></span> 
     </span>
     <span class='ocr_line' id='line_1_10' title="bbox 305 1280 1072 1369; baseline -0.018 -16"><span class='ocrx_word' id='word_1_54' title='bbox 305 1294 350 1353; x_wconf 91' lang='lat' dir='ltr'><strong>Et</strong></span> <span class='ocrx_word' id='word_1_55' title='bbox 372 1290 495 1350; x_wconf 86' lang='lat' dir='ltr'><strong>ducunt</strong></span> <span class='ocrx_word' id='word_1_56' title='bbox 515 1284 625 1369; x_wconf 87' lang='lat' dir='ltr'><strong>posito</strong></span> <span class='ocrx_word' id='word_1_57' title='bbox 647 1281 744 1342; x_wconf 85' lang='lat' dir='ltr'><strong>duras</strong></span> <span class='ocrx_word' id='word_1_58' title='bbox 766 1291 897 1342; x_wconf 88' lang='lat' dir='ltr'><strong>cratere</strong></span> <span class='ocrx_word' id='word_1_59' title='bbox 920 1280 1072 1358; x_wconf 84' lang='lat' dir='ltr'><strong>choreas,</strong></span> 
     </span>
     <span class='ocr_line' id='line_1_11' title="bbox 349 1387 1040 1478; baseline -0.009 -20"><span class='ocrx_word' id='word_1_60' title='bbox 349 1396 510 1478; x_wconf 88' lang='lat' dir='ltr'><strong>Cultaque</strong></span> <span class='ocrx_word' id='word_1_61' title='bbox 533 1390 663 1452; x_wconf 86' lang='lat' dir='ltr'><strong>diffusis</strong></span> <span class='ocrx_word' id='word_1_62' title='bbox 687 1390 784 1450; x_wconf 84' lang='lat' dir='ltr'><strong>saltat</strong></span> <span class='ocrx_word' id='word_1_63' title='bbox 805 1387 904 1449; x_wconf 89' lang='lat' dir='ltr'><strong>amica</strong></span> <span class='ocrx_word' id='word_1_64' title='bbox 927 1389 1040 1452; x_wconf 84' lang='lat' dir='ltr'><strong>comis.</strong></span> 
     </span>
     <span class='ocr_line' id='line_1_12' title="bbox 309 1495 1296 1598; baseline -0.009 -33"><span class='ocrx_word' id='word_1_65' title='bbox 309 1505 417 1598; x_wconf 82' lang='lat' dir='ltr'><strong>Quum</strong></span> <span class='ocrx_word' id='word_1_66' title='bbox 439 1499 601 1583; x_wconf 83' lang='lat' dir='ltr'><strong>redeunt,</strong></span> <span class='ocrx_word' id='word_1_67' title='bbox 633 1496 796 1571; x_wconf 84' lang='lat' dir='ltr'><strong>titubant,</strong></span> <span class='ocrx_word' id='word_1_68' title='bbox 827 1507 861 1555; x_wconf 87' lang='lat' dir='ltr'><strong>et</strong></span> <span class='ocrx_word' id='word_1_69' title='bbox 883 1507 958 1557; x_wconf 90' lang='lat' dir='ltr'><strong>sunt</strong></span> <span class='ocrx_word' id='word_1_70' title='bbox 981 1495 1166 1577; x_wconf 87' lang='lat' dir='ltr'><strong>spectacula</strong></span> <span class='ocrx_word' id='word_1_71' title='bbox 1188 1497 1296 1575; x_wconf 83' lang='lat' dir='ltr'><strong>vulgo,</strong></span> 
     </span>
     <span class='ocr_line' id='line_1_13' title="bbox 225 1601 963 1688; baseline -0.009 -16"><span class='ocrx_word' id='word_1_72' title='bbox 225 1613 286 1688; x_wconf 72' lang='lat'><strong>540</strong></span> <span class='ocrx_word' id='word_1_73' title='bbox 347 1611 392 1670; x_wconf 89' lang='lat' dir='ltr'><strong>Et</strong></span> <span class='ocrx_word' id='word_1_74' title='bbox 412 1607 597 1669; x_wconf 83' lang='lat' dir='ltr'><strong>fortunatos</strong></span> <span class='ocrx_word' id='word_1_75' title='bbox 620 1603 716 1667; x_wconf 79' lang='lat' dir='ltr'><strong>obvia</strong></span> <span class='ocrx_word' id='word_1_76' title='bbox 737 1601 835 1664; x_wconf 88' lang='lat' dir='ltr'><strong>turba</strong></span> <span class='ocrx_word' id='word_1_77' title='bbox 856 1613 963 1665; x_wconf 71' lang='lat' dir='ltr'><strong>vocat.</strong></span> 
     </span>
     <span class='ocr_line' id='line_1_14' title="bbox 307 1709 1131 1795; baseline -0.013 -14"><span class='ocrx_word' id='word_1_78' title='bbox 307 1714 452 1781; x_wconf 86' lang='lat' dir='ltr'><strong>Occurri</strong></span> <span class='ocrx_word' id='word_1_79' title='bbox 473 1732 591 1795; x_wconf 86' lang='lat' dir='ltr'><strong>nuper.</strong></span> <span class='ocrx_word' id='word_1_80' title='bbox 634 1710 711 1776; x_wconf 90' lang='lat' dir='ltr'><strong>Visa</strong></span> <span class='ocrx_word' id='word_1_81' title='bbox 733 1722 782 1770; x_wconf 90' lang='lat' dir='ltr'><strong>est</strong></span> <span class='ocrx_word' id='word_1_82' title='bbox 802 1709 879 1770; x_wconf 89' lang='lat' dir='ltr'><strong>mihi</strong></span> <span class='ocrx_word' id='word_1_83' title='bbox 904 1709 1001 1791; x_wconf 86' lang='lat' dir='ltr'><strong>digna</strong></span> <span class='ocrx_word' id='word_1_84' title='bbox 1022 1710 1131 1772; x_wconf 87' lang='lat' dir='ltr'><strong>relatu</strong></span> 
     </span>
     <span class='ocr_line' id='line_1_15' title="bbox 349 1817 1137 1903; baseline -0.003 -21"><span class='ocrx_word' id='word_1_85' title='bbox 349 1824 489 1903; x_wconf 81' lang='lat' dir='ltr'><strong>Pompa:</strong></span> <span class='ocrx_word' id='word_1_86' title='bbox 514 1838 624 1880; x_wconf 86' lang='lat' dir='ltr'><strong>senem</strong></span> <span class='ocrx_word' id='word_1_87' title='bbox 645 1829 758 1898; x_wconf 84' lang='lat' dir='ltr'><strong>potum</strong></span> <span class='ocrx_word' id='word_1_88' title='bbox 779 1829 857 1899; x_wconf 87' lang='lat' dir='ltr'><strong>pota</strong></span> <span class='ocrx_word' id='word_1_89' title='bbox 879 1817 1029 1878; x_wconf 88' lang='lat' dir='ltr'><strong>trahebat</strong></span> <span class='ocrx_word' id='word_1_90' title='bbox 1050 1835 1137 1880; x_wconf 83' lang='lat' dir='ltr'><strong>anus.</strong></span> 
     </span>
    </p>
   </div>
   <div class='ocr_carea' id='block_1_5' title="bbox 229 1955 1300 1984">
    <p class='ocr_par' dir='ltr' id='par_1_5' title="bbox 229 1955 1300 1984">
     <span class='ocr_line' id='line_1_16' title="bbox 229 1955 1300 1984; baseline -0.016 0"><span class='ocrx_word' id='word_1_91' title='bbox 229 1955 1300 1984; x_wconf 55' lang='lat' dir='ltr'><em>W</em></span> 
     </span>
    </p>
   </div>
   <div class='ocr_carea' id='block_1_6' title="bbox 169 2031 1399 4167">
    <p class='ocr_par' dir='ltr' id='par_1_6' title="bbox 169 2031 1399 4167">
     <span class='ocr_line' id='line_1_17' title="bbox 279 2031 1298 2110; baseline -0.008 -20"><span class='ocrx_word' id='word_1_92' title='bbox 279 2044 340 2110; x_wconf 78' lang='lat'><strong>529.</strong></span> <span class='ocrx_word' id='word_1_93' title='bbox 358 2037 503 2092; x_wconf 88' lang='lat' dir='ltr'><strong>Meliores</strong></span> <span class='ocrx_word' id='word_1_94' title='bbox 516 2037 566 2099; x_wconf 85' lang='lat' dir='ltr'><strong>ibi,</strong></span> <span class='ocrx_word' id='word_1_95' title='bbox 581 2032 662 2103; x_wconf 90' lang='lat' dir='ltr'><strong>quod</strong></span> <span class='ocrx_word' id='word_1_96' title='bbox 673 2032 790 2095; x_wconf 83' lang='lat' dir='ltr'><strong>reduxi,</strong></span> <span class='ocrx_word' id='word_1_97' title='bbox 806 2032 900 2085; x_wconf 86' lang='lat' dir='ltr'><strong>ceteri</strong></span> <span class='ocrx_word' id='word_1_98' title='bbox 912 2034 972 2096; x_wconf 81' lang='lat' dir='ltr'><strong>sihi,</strong></span> <span class='ocrx_word' id='word_1_99' title='bbox 989 2031 1031 2084; x_wconf 85' lang='lat' dir='ltr'><strong>Hs</strong></span> <span class='ocrx_word' id='word_1_100' title='bbox 1048 2047 1083 2083; x_wconf 86' lang='lat' dir='ltr'><strong>cx</strong></span> <span class='ocrx_word' id='word_1_101' title='bbox 1098 2033 1157 2102; x_wconf 81' lang='lat' dir='ltr'><strong>ing.</strong></span> <span class='ocrx_word' id='word_1_102' title='bbox 1172 2050 1233 2088; x_wconf 87' lang='lat' dir='ltr'><strong>roc.</strong></span> <span class='ocrx_word' id='word_1_103' title='bbox 1246 2035 1298 2088; x_wconf 71' lang='lat' dir='ltr'><strong>irbi.</strong></span> 
     </span>
     <span class='ocr_line' id='line_1_18' title="bbox 228 2125 1299 2204; baseline -0.018 -17"><span class='ocrx_word' id='word_1_104' title='bbox 228 2135 310 2188; x_wconf 85' lang='lat' dir='ltr'><strong>Idem</strong></span> <span class='ocrx_word' id='word_1_105' title='bbox 323 2141 430 2204; x_wconf 88' lang='lat' dir='ltr'><strong>postea</strong></span> <span class='ocrx_word' id='word_1_106' title='bbox 439 2145 514 2184; x_wconf 81' lang='lat' dir='ltr'><strong>mar.</strong></span> <span class='ocrx_word' id='word_1_107' title='bbox 527 2129 651 2198; x_wconf 75' lang='lat' dir='ltr'><strong>Phrygiis</strong></span> <span class='ocrx_word' id='word_1_108' title='bbox 662 2131 750 2184; x_wconf 83' lang='lat' dir='ltr'><strong>calam.</strong></span> <span class='ocrx_word' id='word_1_109' title='bbox 787 2125 848 2182; x_wconf 82' lang='lat'><strong>530.</strong></span> <span class='ocrx_word' id='word_1_110' title='bbox 867 2126 1094 2182; x_wconf 72' lang='lat' dir='ltr'><strong>Nouanrmenscs.</strong></span> <span class='ocrx_word' id='word_1_111' title='bbox 1130 2127 1299 2198; x_wconf 75' lang='lat' dir='ltr'><strong>532.Ep10.</strong></span> 
     </span>
     <span class='ocr_line' id='line_1_19' title="bbox 229 2219 1298 2298; baseline -0.006 -22"><span class='ocrx_word' id='word_1_112' title='bbox 229 2228 307 2298; x_wconf 79' lang='lat' dir='ltr'><strong>risq,</strong></span> <span class='ocrx_word' id='word_1_113' title='bbox 321 2225 443 2297; x_wconf 25' lang='lat' dir='ltr'><strong>Hsnrcc.</strong></span> <span class='ocrx_word' id='word_1_114' title='bbox 452 2234 560 2286; x_wconf 82' lang='lat' dir='ltr'><strong>surrrcnt,</strong></span> <span class='ocrx_word' id='word_1_115' title='bbox 575 2221 669 2274; x_wconf 86' lang='lat' dir='ltr'><strong>ceteri</strong></span> <span class='ocrx_word' id='word_1_116' title='bbox 682 2233 795 2285; x_wconf 81' lang='lat' dir='ltr'><strong>sumunt,</strong></span> <span class='ocrx_word' id='word_1_117' title='bbox 810 2238 862 2276; x_wconf 86' lang='lat' dir='ltr'><strong>un.</strong></span> <span class='ocrx_word' id='word_1_118' title='bbox 873 2239 969 2276; x_wconf 68' lang='lat' dir='ltr'><strong>surenas.</strong></span> <span class='ocrx_word' id='word_1_119' title='bbox 987 2219 1034 2270; x_wconf 76' lang='lat' dir='ltr'><strong>nd</strong></span> <span class='ocrx_word' id='word_1_120' title='bbox 1043 2237 1198 2272; x_wconf 89' lang='lat' dir='ltr'><strong>numerum</strong></span> <span class='ocrx_word' id='word_1_121' title='bbox 1208 2237 1298 2270; x_wconf 87' lang='lat' dir='ltr'><strong>anno-</strong></span> 
     </span>
     <span class='ocr_line' id='line_1_20' title="bbox 229 2313 1299 2392; baseline -0.014 -16"><span class='ocrx_word' id='word_1_122' title='bbox 229 2339 307 2388; x_wconf 88' lang='lat' dir='ltr'><strong>rum‚</strong></span> <span class='ocrx_word' id='word_1_123' title='bbox 322 2337 397 2392; x_wconf 89' lang='lat' dir='ltr'><strong>quos</strong></span> <span class='ocrx_word' id='word_1_124' title='bbox 407 2326 584 2391; x_wconf 84' lang='lat' dir='ltr'><strong>precantur,</strong></span> <span class='ocrx_word' id='word_1_125' title='bbox 596 2313 845 2384; x_wconf 78' lang='lat' dir='ltr'><strong>cyathosbibunt.</strong></span> <span class='ocrx_word' id='word_1_126' title='bbox 868 2313 975 2369; x_wconf 83' lang='lat' dir='ltr'><strong>Horat.</strong></span> <span class='ocrx_word' id='word_1_127' title='bbox 985 2313 1040 2368; x_wconf 85' lang='lat' dir='ltr'><strong>0d.</strong></span> <span class='ocrx_word' id='word_1_128' title='bbox 1054 2313 1099 2378; x_wconf 90' lang='lat' dir='ltr'><strong>lll,</strong></span> <span class='ocrx_word' id='word_1_129' title='bbox 1112 2313 1139 2377; x_wconf 89' lang='lat'><strong>8,</strong></span> <span class='ocrx_word' id='word_1_130' title='bbox 1158 2313 1197 2366; x_wconf 79' lang='lat'><strong>13.</strong></span> <span class='ocrx_word' id='word_1_131' title='bbox 1216 2315 1299 2376; x_wconf 80' lang='lat' dir='ltr'><strong>Scine,</strong></span> 
     </span>
     <span class='ocr_line' id='line_1_21' title="bbox 227 2405 1301 2480; baseline -0.007 -14"><span class='ocrx_word' id='word_1_132' title='bbox 227 2417 376 2479; x_wconf 79' lang='lat' dir='ltr'><strong>Maecenas,</strong></span> <span class='ocrx_word' id='word_1_133' title='bbox 397 2413 500 2480; x_wconf 68' lang='lat' dir='ltr'><strong>cyathos</strong></span> <span class='ocrx_word' id='word_1_134' title='bbox 513 2410 589 2460; x_wconf 84' lang='lat' dir='ltr'><strong>amici</strong></span> <span class='ocrx_word' id='word_1_135' title='bbox 602 2409 705 2475; x_wconf 77' lang='lat' dir='ltr'><strong>Scspr&#39;tis</strong></span> <span class='ocrx_word' id='word_1_136' title='bbox 717 2418 829 2472; x_wconf 83' lang='lat' dir='ltr'><strong>centum,</strong></span> <span class='ocrx_word' id='word_1_137' title='bbox 848 2407 885 2458; x_wconf 83' lang='lat' dir='ltr'><strong>ud</strong></span> <span class='ocrx_word' id='word_1_138' title='bbox 900 2425 987 2478; x_wconf 89' lang='lat' dir='ltr'><strong>quem</strong></span> <span class='ocrx_word' id='word_1_139' title='bbox 1001 2407 1099 2460; x_wconf 85' lang='lat' dir='ltr'><strong>locum</strong></span> <span class='ocrx_word' id='word_1_140' title='bbox 1117 2405 1219 2460; x_wconf 88' lang='lat' dir='ltr'><strong>Sebol.</strong></span> <span class='ocrx_word' id='word_1_141' title='bbox 1230 2408 1301 2458; x_wconf 75' lang='lat' dir='ltr'><strong>cerdo</strong></span> 
     </span>
     <span class='ocr_line' id='line_1_22' title="bbox 226 2499 1300 2578; baseline -0.006 -20"><span class='ocrx_word' id='word_1_142' title='bbox 226 2499 386 2574; x_wconf 61' lang='lat' dir='ltr'><strong>(centum)</strong></span> <span class='ocrx_word' id='word_1_143' title='bbox 399 2524 459 2578; x_wconf 81' lang='lat' dir='ltr'><strong>usus</strong></span> <span class='ocrx_word' id='word_1_144' title='bbox 473 2513 509 2555; x_wconf 87' lang='lat' dir='ltr'><strong>est</strong></span> <span class='ocrx_word' id='word_1_145' title='bbox 521 2504 676 2554; x_wconf 75' lang='lat' dir='ltr'><strong>convivarum</strong></span> <span class='ocrx_word' id='word_1_146' title='bbox 689 2511 785 2552; x_wconf 87' lang='lat' dir='ltr'><strong>centum</strong></span> <span class='ocrx_word' id='word_1_147' title='bbox 796 2503 898 2566; x_wconf 65' lang='lat' dir='ltr'><strong>cyathos</strong></span> <span class='ocrx_word' id='word_1_148' title='bbox 909 2504 1078 2558; x_wconf 73' lang='lat' dir='ltr'><strong>clamantium.</strong></span> <span class='ocrx_word' id='word_1_149' title='bbox 1113 2501 1172 2558; x_wconf 77' lang='grc'><strong>533.</strong></span> <span class='ocrx_word' id='word_1_150' title='bbox 1192 2499 1300 2552; x_wconf 84' lang='lat' dir='ltr'><strong>Nestor</strong></span> 
     </span>
     <span class='ocr_line' id='line_1_23' title="bbox 229 2593 1300 2666; baseline -0.006 -16"><span class='ocrx_word' id='word_1_151' title='bbox 229 2601 423 2663; x_wconf 70' lang='lat' dir='ltr'><strong>criscentisenec,</strong></span> <span class='ocrx_word' id='word_1_152' title='bbox 438 2607 472 2650; x_wconf 82' lang='lat' dir='ltr'><strong>ul</strong></span> <span class='ocrx_word' id='word_1_153' title='bbox 488 2598 530 2650; x_wconf 86' lang='lat' dir='ltr'><strong>ait</strong></span> <span class='ocrx_word' id='word_1_154' title='bbox 546 2594 673 2650; x_wconf 79' lang='lat' dir='ltr'><strong>Naevius</strong></span> <span class='ocrx_word' id='word_1_155' title='bbox 681 2611 690 2659; x_wconf 83' lang='lat'>3</span> <span class='ocrx_word' id='word_1_156' title='bbox 706 2593 814 2666; x_wconf 59' lang='lat' dir='ltr'><strong>HoratY</strong></span> <span class='ocrx_word' id='word_1_157' title='bbox 830 2593 886 2649; x_wconf 84' lang='lat' dir='ltr'><strong>Otl.</strong></span> <span class='ocrx_word' id='word_1_158' title='bbox 901 2593 940 2660; x_wconf 89' lang='lat' dir='ltr'><strong>ll,</strong></span> <span class='ocrx_word' id='word_1_159' title='bbox 958 2613 991 2665; x_wconf 80' lang='lat'><strong>9,</strong></span> <span class='ocrx_word' id='word_1_160' title='bbox 1012 2595 1054 2651; x_wconf 77' lang='lat'><strong>13.</strong></span> <span class='ocrx_word' id='word_1_161' title='bbox 1072 2607 1107 2644; x_wconf 86' lang='lat' dir='ltr'><strong>ter</strong></span> <span class='ocrx_word' id='word_1_162' title='bbox 1121 2593 1300 2662; x_wconf 77' lang='lat' dir='ltr'><strong>aerosunctus.</strong></span> 
     </span>
     <span class='ocr_line' id='line_1_24' title="bbox 230 2683 1303 2772; baseline 0.001 -30"><span class='ocrx_word' id='word_1_163' title='bbox 230 2691 353 2748; x_wconf 86' lang='lat' dir='ltr'><strong>Homer.</strong></span> <span class='ocrx_word' id='word_1_164' title='bbox 368 2690 422 2748; x_wconf 87' lang='lat' dir='ltr'><strong>Od.</strong></span> <span class='ocrx_word' id='word_1_165' title='bbox 435 2691 481 2756; x_wconf 94' lang='lat' dir='ltr'><strong>lll,</strong></span> <span class='ocrx_word' id='word_1_166' title='bbox 491 2695 552 2759; x_wconf 71' lang='lat'><strong>245.</strong></span> <span class='ocrx_word' id='word_1_167' title='bbox 571 2685 638 2770; x_wconf 77' lang='grc' dir='ltr'><strong>τρὶς</strong></span> <span class='ocrx_word' id='word_1_168' title='bbox 648 2684 706 2771; x_wconf 72' lang='grc' dir='ltr'><strong>γὰρ</strong></span> <span class='ocrx_word' id='word_1_169' title='bbox 717 2685 753 2756; x_wconf 73' lang='grc' dir='ltr'><strong>δή</strong></span> <span class='ocrx_word' id='word_1_170' title='bbox 765 2683 1107 2772; x_wconf 72' lang='grc' dir='ltr'>μίν(ΝέσΊορα)φααιν</span> <span class='ocrx_word' id='word_1_171' title='bbox 1118 2683 1303 2756; x_wconf 59' lang='grc' dir='ltr'>ἀνάξασθαι</span> 
     </span>
     <span class='ocr_line' id='line_1_25' title="bbox 230 2767 1399 2864; baseline -0.002 -24"><span class='ocrx_word' id='word_1_172' title='bbox 230 2778 306 2860; x_wconf 70' lang='grc' dir='ltr'><strong><em>γένε’</em></strong></span> <span class='ocrx_word' id='word_1_173' title='bbox 324 2780 455 2864; x_wconf 67' lang='grc' dir='ltr'><em>ἀνδρῶν·</em></span> <span class='ocrx_word' id='word_1_174' title='bbox 489 2789 554 2856; x_wconf 63' lang='lat'><strong>534,</strong></span> <span class='ocrx_word' id='word_1_175' title='bbox 568 2789 625 2854; x_wconf 69' lang='grc' dir='ltr'><strong>ΠΗ.</strong></span> <span class='ocrx_word' id='word_1_176' title='bbox 635 2791 710 2855; x_wconf 72' lang='lat' dir='ltr'><strong>uictc5</strong></span> <span class='ocrx_word' id='word_1_177' title='bbox 722 2789 841 2842; x_wconf 83' lang='lat' dir='ltr'><strong>hlncHs</strong></span> <span class='ocrx_word' id='word_1_178' title='bbox 854 2789 933 2846; x_wconf 80' lang='lat' dir='ltr'><strong>conl.</strong></span> <span class='ocrx_word' id='word_1_179' title='bbox 943 2791 994 2842; x_wconf 80' lang='lat' dir='ltr'><strong>cni</strong></span> <span class='ocrx_word' id='word_1_180' title='bbox 1001 2792 1076 2840; x_wconf 80' lang='lat' dir='ltr'><strong>sr&#39;t-</strong></span> <span class='ocrx_word' id='word_1_181' title='bbox 1088 2789 1162 2845; x_wconf 79' lang='lat' dir='ltr'><strong>cirta.</strong></span> <span class='ocrx_word' id='word_1_182' title='bbox 1179 2788 1302 2840; x_wconf 83' lang='lat' dir='ltr'><strong>Femina</strong></span> <span class='ocrx_word' id='word_1_183' title='bbox 1393 2767 1399 2776; x_wconf 17' lang='grc' dir='ltr'><strong>ἢ</strong></span> 
     </span>
     <span class='ocr_line' id='line_1_26' title="bbox 228 2880 1302 2952; baseline -0.004 -18"><span class='ocrx_word' id='word_1_184' title='bbox 228 2899 286 2952; x_wconf 84' lang='lat' dir='ltr'><strong>per</strong></span> <span class='ocrx_word' id='word_1_185' title='bbox 308 2880 417 2934; x_wconf 82' lang='lat' dir='ltr'><strong>calices</strong></span> <span class='ocrx_word' id='word_1_186' title='bbox 437 2898 527 2936; x_wconf 86' lang='lat' dir='ltr'><strong>sonex</strong></span> <span class='ocrx_word' id='word_1_187' title='bbox 554 2883 634 2937; x_wconf 86' lang='lat' dir='ltr'><strong>sacta</strong></span> <span class='ocrx_word' id='word_1_188' title='bbox 656 2883 770 2952; x_wconf 79' lang='lat' dir='ltr'><strong>Sibylla</strong></span> <span class='ocrx_word' id='word_1_189' title='bbox 790 2893 932 2948; x_wconf 86' lang='lat' dir='ltr'><strong>vocatur,</strong></span> <span class='ocrx_word' id='word_1_190' title='bbox 956 2898 1042 2952; x_wconf 84' lang='lat' dir='ltr'><strong>quam</strong></span> <span class='ocrx_word' id='word_1_191' title='bbox 1058 2882 1111 2948; x_wconf 88' lang='lat' dir='ltr'><strong>IV,</strong></span> <span class='ocrx_word' id='word_1_192' title='bbox 1127 2883 1178 2952; x_wconf 82' lang='lat'><strong>875</strong></span> <span class='ocrx_word' id='word_1_193' title='bbox 1196 2884 1302 2934; x_wconf 67' lang='lat' dir='ltr'><strong>vivacem</strong></span> 
     </span>
     <span class='ocr_line' id='line_1_27' title="bbox 230 2975 1301 3048; baseline -0.003 -22"><span class='ocrx_word' id='word_1_194' title='bbox 230 2975 376 3046; x_wconf 85' lang='lat' dir='ltr'><strong>appellat.</strong></span> <span class='ocrx_word' id='word_1_195' title='bbox 395 2976 463 3045; x_wconf 84' lang='lat' dir='ltr'><strong>Ipsa</strong></span> <span class='ocrx_word' id='word_1_196' title='bbox 473 2975 587 3045; x_wconf 71' lang='lat' dir='ltr'><strong>Sibylla</strong></span> <span class='ocrx_word' id='word_1_197' title='bbox 597 2977 723 3030; x_wconf 85' lang='lat' dir='ltr'><strong>Cumaea</strong></span> <span class='ocrx_word' id='word_1_198' title='bbox 739 2977 774 3029; x_wconf 92' lang='lat' dir='ltr'><strong>dc</strong></span> <span class='ocrx_word' id='word_1_199' title='bbox 792 2994 824 3029; x_wconf 82' lang='lat' dir='ltr'><strong>se</strong></span> <span class='ocrx_word' id='word_1_200' title='bbox 844 2993 891 3048; x_wconf 83' lang='lat' dir='ltr'><strong>ap.</strong></span> <span class='ocrx_word' id='word_1_201' title='bbox 908 2987 1006 3033; x_wconf 77' lang='lat' dir='ltr'><strong>nostr,</strong></span> <span class='ocrx_word' id='word_1_202' title='bbox 1021 2977 1062 3028; x_wconf 82' lang='lat' dir='ltr'><strong>M.</strong></span> <span class='ocrx_word' id='word_1_203' title='bbox 1079 2976 1158 3040; x_wconf 86' lang='lat' dir='ltr'><strong>XIV,</strong></span> <span class='ocrx_word' id='word_1_204' title='bbox 1177 2979 1235 3041; x_wconf 68' lang='lat'><strong>144.</strong></span> <span class='ocrx_word' id='word_1_205' title='bbox 1250 2977 1301 3024; x_wconf 78' lang='lat' dir='ltr'><strong>icrn</strong></span> 
     </span>
     <span class='ocr_line' id='line_1_28' title="bbox 229 3070 1301 3138; baseline -0.002 -20"><span class='ocrx_word' id='word_1_206' title='bbox 229 3070 296 3119; x_wconf 81' lang='lat' dir='ltr'><strong>milri</strong></span> <span class='ocrx_word' id='word_1_207' title='bbox 303 3070 401 3118; x_wconf 84' lang='lat' dir='ltr'><strong>saecula</strong></span> <span class='ocrx_word' id='word_1_208' title='bbox 410 3081 500 3134; x_wconf 84' lang='lat' dir='ltr'><strong>septem</strong></span> <span class='ocrx_word' id='word_1_209' title='bbox 507 3070 581 3118; x_wconf 85' lang='lat' dir='ltr'><strong>Acta</strong></span> <span class='ocrx_word' id='word_1_210' title='bbox 592 3070 669 3133; x_wconf 73' lang='lat' dir='ltr'><strong>mdes,-</strong></span> <span class='ocrx_word' id='word_1_211' title='bbox 687 3082 803 3136; x_wconf 78' lang='lat' dir='ltr'><strong>superest,</strong></span> <span class='ocrx_word' id='word_1_212' title='bbox 817 3090 928 3137; x_wconf 84' lang='lat' dir='ltr'><strong>numeros</strong></span> <span class='ocrx_word' id='word_1_213' title='bbox 940 3083 967 3121; x_wconf 84' lang='lat' dir='ltr'><strong>nt</strong></span> <span class='ocrx_word' id='word_1_214' title='bbox 977 3073 1085 3138; x_wconf 73' lang='lat' dir='ltr'><strong>pulsetis</strong></span> <span class='ocrx_word' id='word_1_215' title='bbox 1093 3089 1201 3138; x_wconf 75' lang='lat' dir='ltr'><strong>aequem,</strong></span> <span class='ocrx_word' id='word_1_216' title='bbox 1211 3079 1301 3118; x_wconf 86' lang='lat' dir='ltr'><strong>tercen-</strong></span> 
     </span>
     <span class='ocr_line' id='line_1_29' title="bbox 230 3162 1304 3235; baseline 0.003 -25"><span class='ocrx_word' id='word_1_217' title='bbox 230 3172 285 3211; x_wconf 81' lang='lat' dir='ltr'><strong>tum</strong></span> <span class='ocrx_word' id='word_1_218' title='bbox 296 3179 398 3226; x_wconf 81' lang='lat' dir='ltr'><strong>messes,</strong></span> <span class='ocrx_word' id='word_1_219' title='bbox 412 3172 544 3212; x_wconf 80' lang='lat' dir='ltr'><strong>tercentum</strong></span> <span class='ocrx_word' id='word_1_220' title='bbox 558 3174 641 3228; x_wconf 87' lang='lat' dir='ltr'><strong>musta</strong></span> <span class='ocrx_word' id='word_1_221' title='bbox 650 3165 736 3225; x_wconf 76' lang='lat' dir='ltr'><strong>rideri.</strong></span> <span class='ocrx_word' id='word_1_222' title='bbox 755 3163 877 3229; x_wconf 82' lang='lat' dir='ltr'><strong>Noster,</strong></span> <span class='ocrx_word' id='word_1_223' title='bbox 893 3164 948 3235; x_wconf 89' lang='lat' dir='ltr'><strong>Ep.</strong></span> <span class='ocrx_word' id='word_1_224' title='bbox 959 3180 994 3215; x_wconf 80' lang='lat' dir='ltr'><strong>ex</strong></span> <span class='ocrx_word' id='word_1_225' title='bbox 1008 3163 1096 3220; x_wconf 84' lang='lat' dir='ltr'><strong>I&#39;ont.</strong></span> <span class='ocrx_word' id='word_1_226' title='bbox 1107 3162 1129 3214; x_wconf 97' lang='lat' dir='ltr'><strong>ll</strong></span> <span class='ocrx_word' id='word_1_227' title='bbox 1139 3200 1148 3227; x_wconf 83' lang='lat'><strong>,</strong></span> <span class='ocrx_word' id='word_1_228' title='bbox 1158 3162 1187 3226; x_wconf 85' lang='lat'><strong>8,</strong></span> <span class='ocrx_word' id='word_1_229' title='bbox 1202 3165 1246 3228; x_wconf 79' lang='grc' dir='ltr'><strong>[μ.</strong></span> <span class='ocrx_word' id='word_1_230' title='bbox 1263 3162 1304 3211; x_wconf 76' lang='lat' dir='ltr'><strong>Sic</strong></span> 
     </span>
     <span class='ocr_line' id='line_1_30' title="bbox 225 3254 1303 3338; baseline 0.001 -34"><span class='ocrx_word' id='word_1_231' title='bbox 225 3265 301 3338; x_wconf 61' lang='lat' dir='ltr'><strong>Ram</strong></span> <span class='ocrx_word' id='word_1_232' title='bbox 311 3257 337 3306; x_wconf 80' lang='lat' dir='ltr'><strong>in</strong></span> <span class='ocrx_word' id='word_1_233' title='bbox 348 3257 451 3322; x_wconf 74' lang='lat' dir='ltr'><strong>Pyhos,</strong></span> <span class='ocrx_word' id='word_1_234' title='bbox 468 3256 587 3310; x_wconf 84' lang='lat' dir='ltr'><strong>Cumaeos</strong></span> <span class='ocrx_word' id='word_1_235' title='bbox 601 3269 677 3308; x_wconf 86' lang='lat' dir='ltr'><strong>mater</strong></span> <span class='ocrx_word' id='word_1_236' title='bbox 688 3260 714 3308; x_wconf 88' lang='lat' dir='ltr'><strong>in</strong></span> <span class='ocrx_word' id='word_1_237' title='bbox 725 3279 802 3310; x_wconf 84' lang='lat' dir='ltr'><strong>annos</strong></span> <span class='ocrx_word' id='word_1_238' title='bbox 812 3260 919 3314; x_wconf 79' lang='lat' dir='ltr'><strong>Vc&#39;cant.</strong></span> <span class='ocrx_word' id='word_1_239' title='bbox 953 3257 1014 3325; x_wconf 75' lang='lat'><strong>537.</strong></span> <span class='ocrx_word' id='word_1_240' title='bbox 1032 3257 1121 3310; x_wconf 89' lang='lat' dir='ltr'><strong>Multi</strong></span> <span class='ocrx_word' id='word_1_241' title='bbox 1138 3259 1237 3326; x_wconf 80' lang='lat' dir='ltr'><strong>longus,</strong></span> <span class='ocrx_word' id='word_1_242' title='bbox 1250 3254 1303 3306; x_wconf 81' lang='lat' dir='ltr'><strong>alii</strong></span> 
     </span>
     <span class='ocr_line' id='line_1_31' title="bbox 169 3350 1305 3430; baseline -0.002 -30"><span class='ocrx_word' id='word_1_243' title='bbox 169 3375 171 3380; x_wconf 96' lang='lat'>·</span> <span class='ocrx_word' id='word_1_244' title='bbox 232 3351 320 3418; x_wconf 80' lang='lat' dir='ltr'><strong>laetas,</strong></span> <span class='ocrx_word' id='word_1_245' title='bbox 334 3351 422 3430; x_wconf 79' lang='lat' dir='ltr'><strong>lentas,</strong></span> <span class='ocrx_word' id='word_1_246' title='bbox 434 3351 540 3408; x_wconf 75' lang='lat' dir='ltr'><strong>iunctas.</strong></span> <span class='ocrx_word' id='word_1_247' title='bbox 559 3351 646 3421; x_wconf 80' lang='lat' dir='ltr'><strong>Virg.</strong></span> <span class='ocrx_word' id='word_1_248' title='bbox 658 3350 732 3418; x_wconf 77' lang='lat' dir='ltr'><strong>G.1,</strong></span> <span class='ocrx_word' id='word_1_249' title='bbox 745 3351 805 3420; x_wconf 71' lang='lat'><strong>346.</strong></span> <span class='ocrx_word' id='word_1_250' title='bbox 827 3353 917 3404; x_wconf 76' lang='lat' dir='ltr'><strong>Omnis</strong></span> <span class='ocrx_word' id='word_1_251' title='bbox 929 3350 1305 3420; x_wconf 76' lang='lat' dir='ltr'><strong>qrscrn(bostia1n)choruset</strong></span> 
     </span>
     <span class='ocr_line' id='line_1_32' title="bbox 231 3443 1306 3512; baseline -0.001 -19"><span class='ocrx_word' id='word_1_252' title='bbox 231 3444 294 3493; x_wconf 82' lang='lat' dir='ltr'><strong>sccii</strong></span> <span class='ocrx_word' id='word_1_253' title='bbox 305 3443 448 3493; x_wconf 78' lang='lat' dir='ltr'><strong>comitentur</strong></span> <span class='ocrx_word' id='word_1_254' title='bbox 460 3455 567 3510; x_wconf 77' lang='lat' dir='ltr'><strong>ovantes,</strong></span> <span class='ocrx_word' id='word_1_255' title='bbox 583 3445 618 3496; x_wconf 83' lang='lat' dir='ltr'><strong>Et</strong></span> <span class='ocrx_word' id='word_1_256' title='bbox 627 3445 711 3497; x_wconf 79' lang='lat' dir='ltr'><strong>Cereri</strong></span> <span class='ocrx_word' id='word_1_257' title='bbox 722 3458 786 3498; x_wconf 86' lang='lat' dir='ltr'><strong>torta</strong></span> <span class='ocrx_word' id='word_1_258' title='bbox 799 3447 927 3497; x_wconf 84' lang='lat' dir='ltr'><strong>redimitus</strong></span> <span class='ocrx_word' id='word_1_259' title='bbox 941 3458 1049 3512; x_wconf 80' lang='lat' dir='ltr'><strong>tempora</strong></span> <span class='ocrx_word' id='word_1_260' title='bbox 1061 3464 1150 3512; x_wconf 82' lang='lat' dir='ltr'><strong>quercu</strong></span> <span class='ocrx_word' id='word_1_261' title='bbox 1162 3447 1213 3494; x_wconf 89' lang='lat' dir='ltr'><strong>Det</strong></span> <span class='ocrx_word' id='word_1_262' title='bbox 1225 3455 1306 3494; x_wconf 88' lang='lat' dir='ltr'><strong>motus</strong></span> 
     </span>
     <span class='ocr_line' id='line_1_33' title="bbox 232 3536 1304 3608; baseline -0.001 -21"><span class='ocrx_word' id='word_1_263' title='bbox 232 3536 402 3602; x_wconf 79' lang='lat' dir='ltr'><strong>incompositos</strong></span> <span class='ocrx_word' id='word_1_264' title='bbox 414 3543 558 3608; x_wconf 21' lang='lat' dir='ltr'><strong>etyccrmina</strong></span> <span class='ocrx_word' id='word_1_265' title='bbox 568 3539 645 3595; x_wconf 80' lang='lat' dir='ltr'><strong>dicct,</strong></span> <span class='ocrx_word' id='word_1_266' title='bbox 679 3539 740 3596; x_wconf 80' lang='lat'>538,</span> <span class='ocrx_word' id='word_1_267' title='bbox 758 3539 841 3592; x_wconf 86' lang='lat' dir='ltr'><strong>Unus</strong></span> <span class='ocrx_word' id='word_1_268' title='bbox 851 3542 991 3604; x_wconf 80' lang='lat' dir='ltr'><strong>Multaque,</strong></span> <span class='ocrx_word' id='word_1_269' title='bbox 1005 3536 1134 3608; x_wconf 85' lang='lat' dir='ltr'><strong>quotle</strong></span> <span class='ocrx_word' id='word_1_270' title='bbox 1149 3553 1229 3600; x_wconf 59' lang='lat' dir='ltr'><strong>ree„</strong></span> <span class='ocrx_word' id='word_1_271' title='bbox 1248 3550 1304 3604; x_wconf 79' lang='lat' dir='ltr'><strong>ego</strong></span> 
     </span>
     <span class='ocr_line' id='line_1_34' title="bbox 233 3627 1306 3700; baseline -0.003 -17"><span class='ocrx_word' id='word_1_272' title='bbox 233 3631 447 3688; x_wconf 74' lang='lat' dir='ltr'><strong>ceteror.leet.</strong></span> <span class='ocrx_word' id='word_1_273' title='bbox 462 3634 631 3690; x_wconf 81' lang='lat' dir='ltr'><strong>servari.—</strong></span> <span class='ocrx_word' id='word_1_274' title='bbox 642 3632 709 3685; x_wconf 92' lang='lat' dir='ltr'><strong>Duo</strong></span> <span class='ocrx_word' id='word_1_275' title='bbox 725 3643 818 3688; x_wconf 83' lang='lat' dir='ltr'><strong>cantat.</strong></span> <span class='ocrx_word' id='word_1_276' title='bbox 853 3633 913 3700; x_wconf 75' lang='lat' dir='ltr'><strong>seq.</strong></span> <span class='ocrx_word' id='word_1_277' title='bbox 932 3631 998 3682; x_wconf 89' lang='lat' dir='ltr'><strong>Duo</strong></span> <span class='ocrx_word' id='word_1_278' title='bbox 1011 3631 1116 3698; x_wconf 87' lang='lat' dir='ltr'><strong>optimi</strong></span> <span class='ocrx_word' id='word_1_279' title='bbox 1129 3631 1208 3700; x_wconf 77' lang='lat' dir='ltr'><strong>vulgo,</strong></span> <span class='ocrx_word' id='word_1_280' title='bbox 1225 3627 1306 3699; x_wconf 87' lang='lat' dir='ltr'><strong>quod</strong></span> 
     </span>
     <span class='ocr_line' id='line_1_35' title="bbox 232 3721 1305 3796; baseline -0.003 -22"><span class='ocrx_word' id='word_1_281' title='bbox 232 3723 276 3776; x_wconf 88' lang='lat' dir='ltr'><strong>Hs</strong></span> <span class='ocrx_word' id='word_1_282' title='bbox 288 3726 367 3792; x_wconf 81' lang='lat' dir='ltr'><strong>rcc.&#39;,</strong></span> <span class='ocrx_word' id='word_1_283' title='bbox 381 3726 475 3780; x_wconf 88' lang='lat' dir='ltr'><strong>ceteri</strong></span> <span class='ocrx_word' id='word_1_284' title='bbox 489 3728 565 3796; x_wconf 79' lang='lat' dir='ltr'><strong>vulgi.</strong></span> <span class='ocrx_word' id='word_1_285' title='bbox 599 3727 660 3792; x_wconf 69' lang='lat'><strong>540.</strong></span> <span class='ocrx_word' id='word_1_286' title='bbox 678 3725 761 3779; x_wconf 87' lang='lat' dir='ltr'><strong>Unus</strong></span> <span class='ocrx_word' id='word_1_287' title='bbox 780 3741 814 3776; x_wconf 80' lang='lat' dir='ltr'><strong>cx</strong></span> <span class='ocrx_word' id='word_1_288' title='bbox 826 3729 998 3794; x_wconf 58' lang='lat' dir='ltr'><strong>operarent,</strong></span> <span class='ocrx_word' id='word_1_289' title='bbox 1014 3721 1096 3794; x_wconf 87' lang='lat' dir='ltr'><strong>quod</strong></span> <span class='ocrx_word' id='word_1_290' title='bbox 1109 3721 1152 3773; x_wconf 90' lang='lat' dir='ltr'><strong>Hs</strong></span> <span class='ocrx_word' id='word_1_291' title='bbox 1170 3737 1244 3785; x_wconf 67' lang='lat' dir='ltr'><strong>rec„</strong></span> <span class='ocrx_word' id='word_1_292' title='bbox 1259 3736 1305 3772; x_wconf 84' lang='lat' dir='ltr'><strong>ce·</strong></span> 
     </span>
     <span class='ocr_line' id='line_1_36' title="bbox 234 3813 1305 3891; baseline -0.001 -21"><span class='ocrx_word' id='word_1_293' title='bbox 234 3817 295 3870; x_wconf 83' lang='lat' dir='ltr'><strong>teri</strong></span> <span class='ocrx_word' id='word_1_294' title='bbox 307 3832 390 3886; x_wconf 77' lang='lat' dir='ltr'><strong>cocat,</strong></span> <span class='ocrx_word' id='word_1_295' title='bbox 400 3819 482 3891; x_wconf 89' lang='lat' dir='ltr'><strong>quod</strong></span> <span class='ocrx_word' id='word_1_296' title='bbox 494 3819 622 3875; x_wconf 80' lang='lat' dir='ltr'><strong>servavi.</strong></span> <span class='ocrx_word' id='word_1_297' title='bbox 657 3819 719 3884; x_wconf 77' lang='lat'><strong>541.</strong></span> <span class='ocrx_word' id='word_1_298' title='bbox 737 3817 803 3868; x_wconf 90' lang='lat' dir='ltr'><strong>Duo</strong></span> <span class='ocrx_word' id='word_1_299' title='bbox 814 3833 850 3869; x_wconf 83' lang='lat' dir='ltr'><strong>ex</strong></span> <span class='ocrx_word' id='word_1_300' title='bbox 859 3816 962 3887; x_wconf 84' lang='lat' dir='ltr'><strong>optim.</strong></span> <span class='ocrx_word' id='word_1_301' title='bbox 975 3819 1088 3884; x_wconf 67' lang='lat' dir='ltr'><strong>occurri,</strong></span> <span class='ocrx_word' id='word_1_302' title='bbox 1100 3813 1181 3885; x_wconf 90' lang='lat' dir='ltr'><strong>quod</strong></span> <span class='ocrx_word' id='word_1_303' title='bbox 1189 3814 1231 3866; x_wconf 90' lang='lat' dir='ltr'><strong>Hs</strong></span> <span class='ocrx_word' id='word_1_304' title='bbox 1243 3829 1305 3869; x_wconf 83' lang='lat' dir='ltr'><strong>reo.</strong></span> 
     </span>
     <span class='ocr_line' id='line_1_37' title="bbox 234 3907 1305 3979; baseline -0.002 -21"><span class='ocrx_word' id='word_1_305' title='bbox 234 3925 293 3978; x_wconf 85' lang='lat' dir='ltr'><strong>pro</strong></span> <span class='ocrx_word' id='word_1_306' title='bbox 307 3921 400 3970; x_wconf 88' lang='lat' dir='ltr'><strong>ceter.</strong></span> <span class='ocrx_word' id='word_1_307' title='bbox 410 3911 482 3970; x_wconf 86' lang='lat' dir='ltr'><strong>lect.</strong></span> <span class='ocrx_word' id='word_1_308' title='bbox 493 3912 626 3966; x_wconf 71' lang='lat' dir='ltr'><strong>Occurrit.</strong></span> <span class='ocrx_word' id='word_1_309' title='bbox 635 3908 716 3961; x_wconf 89' lang='lat' dir='ltr'><strong>Idem</strong></span> <span class='ocrx_word' id='word_1_310' title='bbox 724 3919 826 3961; x_wconf 88' lang='lat' dir='ltr'><strong>censet</strong></span> <span class='ocrx_word' id='word_1_311' title='bbox 837 3919 906 3979; x_wconf 88' lang='lat' dir='ltr'><strong>post</strong></span> <span class='ocrx_word' id='word_1_312' title='bbox 916 3910 973 3962; x_wconf 87' lang='lat' dir='ltr'><strong>hoc</strong></span> <span class='ocrx_word' id='word_1_313' title='bbox 983 3908 1135 3962; x_wconf 89' lang='lat' dir='ltr'><strong>distichon</strong></span> <span class='ocrx_word' id='word_1_314' title='bbox 1144 3907 1305 3959; x_wconf 84' lang='lat' dir='ltr'><strong>monachos</strong></span> 
     </span>
     <span class='ocr_line' id='line_1_38' title="bbox 235 3999 1305 4072; baseline 0.007 -22"><span class='ocrx_word' id='word_1_315' title='bbox 235 4003 343 4069; x_wconf 82' lang='lat' dir='ltr'><strong>quaed.</strong></span> <span class='ocrx_word' id='word_1_316' title='bbox 359 4003 520 4058; x_wconf 79' lang='lat' dir='ltr'><strong>lasciviora</strong></span> <span class='ocrx_word' id='word_1_317' title='bbox 536 4003 722 4066; x_wconf 88' lang='lat' dir='ltr'><strong>resecuisso‚</strong></span> <span class='ocrx_word' id='word_1_318' title='bbox 735 4019 824 4072; x_wconf 90' lang='lat' dir='ltr'><strong>quum</strong></span> <span class='ocrx_word' id='word_1_319' title='bbox 837 4001 938 4056; x_wconf 86' lang='lat' dir='ltr'><strong>addita</strong></span> <span class='ocrx_word' id='word_1_320' title='bbox 949 4003 1041 4056; x_wconf 85' lang='lat' dir='ltr'><strong>rerba</strong></span> <span class='ocrx_word' id='word_1_321' title='bbox 1058 4003 1126 4054; x_wconf 83' lang='lat' dir='ltr'><strong>Visa</strong></span> <span class='ocrx_word' id='word_1_322' title='bbox 1139 4031 1172 4040; x_wconf 87' lang='lat'><strong>-</strong></span> <span class='ocrx_word' id='word_1_323' title='bbox 1188 3999 1305 4067; x_wconf 73' lang='lat' dir='ltr'><strong>longio-</strong></span> 
     </span>
     <span class='ocr_line' id='line_1_39' title="bbox 235 4095 721 4167; baseline 0.023 -24"><span class='ocrx_word' id='word_1_324' title='bbox 235 4107 300 4144; x_wconf 87' lang='lat' dir='ltr'><strong>rem</strong></span> <span class='ocrx_word' id='word_1_325' title='bbox 312 4097 516 4150; x_wconf 85' lang='lat' dir='ltr'><strong>narrationem</strong></span> <span class='ocrx_word' id='word_1_326' title='bbox 530 4095 721 4167; x_wconf 71' lang='lat' dir='ltr'><strong>promittant.</strong></span> 
     </span>
    </p>
   </div>
   <div class='ocr_carea' id='block_1_7' title="bbox 0 0 1471 4836">
    <p class='ocr_par' dir='ltr' id='par_1_7' title="bbox 0 0 1471 4836">
     <span class='ocr_line' id='line_1_40' title="bbox 0 0 1471 4836; baseline 0 0"><span class='ocrx_word' id='word_1_327' title='bbox 0 0 1471 4836; x_wconf 95' lang='lat' dir='ltr'><strong> </strong></span> 
     </span>
    </p>
   </div>
  </div>
 </body>
</html>
