2914 4836
484 309 716 378 Fss’rouuu
737 315 815 381 LlB.
839 319 893 384 tv.
1163 328 1223 396 195

146 500 228 558 'l'um
250 499 401 563 iuvenem
426 497 567 560 nondum
589 498 669 558 tacti
692 498 816 594 {terere
839 500 1007 596 Quirites:
1084 485 1086 492 ’
1158 509 1220 569 8235

186 608 305 669 Ultima
327 605 458 689 plarato
480 605 611 665 subdita
632 606 757 669 flamma
779 627 863 688 rogo
886 621 944 671 est.

144 715 229 774 Urbs
251 715 360 774 oritur
377 718 416 761 '—
434 713 505 795 quis
528 725 604 774 tunc
625 713 685 775 hoc
707 714 765 774 uili
789 715 926 775 credere
949 718 1079 798 posset?
1098 711 1138 766 ·-'-

186 820 355 884 Victorem
378 820 480 881 terris
504 820 699 901 impositura
722 820 850 902 pedem.
1114 813 1116 820 ’

144 917 267 990 Cuncta
289 948 404 1008 regas,
428 939 461 988 et
483 925 527 985 sis
542 927 660 1002 'magua
683 925 740 985 sub
764 927 902 988 Caesare
928 948 1077 1012 semper:

185 1036 291 1117 Saepe
315 1029 412 1094 etiam
435 1027 710 1116 piuresnomitiis
731 1031 825 1093 huius
848 1035 948 1116 habc3
1159 1041 1220 1105 860

150 1145 193 1205 Et
214 1129 348 1226 quoties
369 1127 503 1203 steteris
524 1140 647 1201 domito
670 1141 815 1201 sublimis
836 1142 869 1202 in
891 1142 985 1219 orbe,

184 1248 301 1312 Omnia
324 1249 389 1309 sint
410 1247 557 1310 humeris
580 1247 743 1308 iuferiora
764 1248 842 1314 tuis.
969 1235 970 1242 ¹

144 1464 242 1522 Dicta
263 1443 358 1522 Pales
379 1463 483 1522 nabis.
528 1463 616 1524 ldcm
638 1463 766 1529 Vinalia
789 1463 903 1524 dicam.

185 1570 254 1629 Una
276 1582 383 1629 tamen
405 1569 511 1630 media
534 1583 584 1630 est
607 1571 696 1631 inter
718 1583 890 1654 utramque
913 1571 995 1632 dies.

144 1677 281 1738 Numina
303 1677 455 1758 vulgares
475 1678 617 1742 Veneris
641 1679 806 1740 celebrate
830 1678 969 1760 puellae.
1158 1680 1219 1742 855

186 1785 286 1843 Multa
309 1783 532 1866 professarum
555 1785 745 1868 quaestibus
769 1799 843 1868 apta
864 1787 988 1852 Venus.

146 1891 277 1952 Pascite
300 1903 376 1952 turc
395 1890 474 1952 'dato
498 1891 634 1952 formam
654 1892 836 1974 populique
859 1892 1022 1957 sanarem:

188 2001 321 2060 Poscite
344 1998 518 2058 blanditias
529 2007 543 2074 ‚'
562 1997 724 2081 dignaque
746 1999 849 2062 rerba
871 1999 963 2078 iac03
988 1974 994 1996 '¹

147 2107 292 2188 Cumque
316 2126 372 2165 sua
397 2104 544 2165 dominae
567 2104 641 2165 date
664 2117 757 2186 grata
779 2107 945 2188 sisymbria
966 2123 1084 2194 myrto,¹

187 2211 354 2293 Textaque
378 2210 550 2292 composita
573 2211 689 2273 iuncea
710 2213 818 2276 vincla
839 2234 924 2275 rosa.
1159 2219 1219 2298 870

215 2547 276 2614 855,
293 2558 383 2613 Multi
397 2563 501 2617 iuvenes.
538 2559 599 2615 856.
614 2559 656 2612 Ex
666 2560 733 2618 edd.
742 2573 811 2616 aute
819 2561 862 2618 Hs
872 2563 976 2634 recepi
988 2575 1032 2630 est,
1042 2565 1122 2634 quod
1135 2565 1218 2618 euius

147 2654 214 2711 cod.
232 2653 413 2707 auctoritate
431 2653 472 2707 Hs
490 2654 642 2718 omiserit,
659 2655 773 2711 nescio.
818 2655 880 2725 857.
898 2655 973 2708 Tres
988 2673 1022 2708 cx
1034 2665 1097 2728 opt.
1109 2676 1174 2708 auru
1186 2687 1220 2696 -

146 2749 208 2801 Atii
225 2750 272 2805 illi.
288 2779 321 2789 ·-
339 2748 428 2801 Multi
448 2747 537 2800 etiam
554 2745 672 2803 melior.
683 2749 770 2814 possit.
798 2746 845 2803 cf.
862 2748 887 2813 1,
899 2749 960 2804 555.
979 2735 1056 2817 γ851).
1076 2748 1220 2802 Multisub

146 2863 236 2914 magno
253 2845 304 2909 C„
325 2861 375 2900 un.
393 2862 449 2894 eum
466 2861 555 2912 rengno
573 2841 605 2896 C.
657 2839 718 2896 880.
742 2840 808 2892 Duo
831 2855 865 2894 ex
886 2842 1219 2912 opt.1t'tsemperplures.

145 2938 206 2994 863.
224 2936 299 2992 Edd.
317 2935 424 3007 quaed.
440 2937 508 2987 nohis
521 2946 566 2990 est.
582 2938 642 2986 Iam
658 2936 724 2992 Vm.
750 2934 849 2987 Varro
864 2934 896 2988 L.
907 2935 942 2991 1..
950 2933 987 2994 V.
1004 2953 1034 3006 p.
1046 2937 1090 2992 55.
1111 2937 1218 2988 Vinalia

145 3031 212 3082 dicta
224 3052 239 3080 a
253 3032 316 3084 eino.
336 3033 391 3083 Hic
399 3033 451 3082 dies
460 3032 537 3094 loris,
551 3048 597 3080 non
610 3029 644 3080 V
640 3031 726 3086 tueris.
745 3031 834 3081 Huius
846 3033 951 3083 reicere
963 3049 1010 3082 nan
1022 3033 1080 3083 levis
1094 3033 1119 3084 itt
1130 3031 1217 3092 Latt'o‚·

146 3143 203 3173 netu
214 3126 306 3190 aliquot
323 3127 381 3175 lot-ts
393 3126 527 3174 vindemiae
535 3124 643 3190 primum
657 3143 673 3175 a
685 3126 852 3176 sacerdotibus
860 3125 958 3193 publice
955 3125 1071 3200 fiebant,
1084 3136 1111 3175 ut
1122 3126 1220 3176 Rornae

145 3209 218 3267 etium
230 3237 307 3280 trunc;
326 3237 383 3268 netu
394 3219 499 3268 Flauiam
511 3218 598 3268 Dialis
608 3221 752 3286 auspicetur
763 3221 920 3286 vindemiam,
933 3231 956 3272 et
968 3231 995 3270 ut
1005 3221 1079 3271 iussit
1090 3219 1194 3271 riuaml
1207 3245 1217 3258 ·

144 3329 208 3380 gere,
224 3330 290 3381 agna
302 3295 445 3381 Iorisprt't,
457 3314 519 3361 t'nler
534 3313 605 3362 catius
618 3324 674 3362 exta
685 3331 755 3363 caesa
768 3325 791 3363 et
798 3315 1011 3381 porreetestemen
1020 3332 1121 3380 prorsus
1135 3314 1217 3363 vitrum

143 3405 210 3474 legit,
218 3403 373 3458 Plutarch.
381 3405 502 3482 Quaest.
515 3403 598 3456 Rom.
608 3405 652 3470 45.
666 3399 1004 3482 ΤῶνΟὑεγεραλίωντῇ
1013 3399 1102 3482 ἑορτῇ
1114 3396 1215 3456 πολιὸν

145 3493 233 3556 οἶνον
242 3489 382 3574 ἐκχέουσι
391 3491 450 3574 πρὸ
460 3498 519 3549 τοῦ
534 3494 615 3578 ἱεροῦ
625 3499 679 3565 τῆς
689 3491 883 3578 Ἀφροδίτης.
918 3501 980 3568 854.
999 3500 1108 3553 Novem
1121 3511 1214 3549 uerum-

143 3616 197 3664 que.
235 3597 296 3651 865.
315 3595 373 3652 Un.
390 3605 501 3664 exopt.
516 3597 633 3659 Munere,
649 3594 725 3646 alius
740 3605 804 3665 opt.
821 3597 941 3647 Narniae.
976 3593 1037 3649 866.
1055 3591 1116 3644 Alii
1129 3590 1215 3645 multi

146 3693 231 3756 Culta,
246 3689 327 3761 quod
342 3689 383 3742 Hs
403 3689 513 3759 placet,
530 3698 627 3746 nostr.
641 3698 751 3753 tamen,
768 3688 848 3758 quod
864 3687 1002 3758 potiores
1017 3685 1138 3749 habeut,
1153 3700 1215 3738 non

144 3785 271 3842 damnat.
293 3782 499 3839 Profiteudum
515 3791 580 3834 crat
593 3781 804 3836 meretricibus
819 3777 1041 3850 apudncdites.
1078 3777 1140 3832 858.
1158 3776 1213 3829 Pc-

143 3877 240 3932 tiores
260 3881 327 3944 ioco,
347 3875 428 3948 quod
443 3876 485 3929 Hs
502 3891 580 3939 ree„
600 3885 657 3931 cet.
671 3875 731 3930 loeo,
771 3873 834 3944 8⁶9.
851 3873 897 3926 Un
915 3889 949 3924 ex
969 3881 1034 3942 opt.
1051 3872 1148 3922 Cuncta
1158 3890 1215 3935 suc,

142 3971 223 4025 unde
237 3973 279 4025 Hs
296 3989 371 4029 mav.
382 3951 485 4024 Iuncta.
524 3967 569 4025 Cf.
585 3967 682 4034 nle,
702 3969 742 4022 15.
765 3968 872 4026 Horat.
882 3965 937 4021 ou.
947 3965 971 4029 1,
981 3967 1046 4034 Μ.
1063 3965 1139 4015 Neue
1149 3967 1215 4016 decet

140 4079 187 4119 aut
203 4070 278 4119 viridi
291 4069 398 4119 nitidum
411 4078 486 4134 capiat
500 4065 616 4131 impedire
631 4073 759 4128 rmrtoz.
793 4062 854 4128 870.
871 4059 960 4112 Multi
975 4061 1096 4125 Tectaque
1105 4087 1135 4098 -
1155 4057 1216 4112 Un,

141 4179 177 4214 ex
189 4171 253 4232 opt.
265 4173 329 4214 serta
340 4179 405 4218 rota.
