2906 4836
507 263 739 327 FASTORUM
753 268 840 340 LIII.
862 269 916 328 ΙΙΙ.

168 445 212 504 Et
234 455 341 502 tamen
362 443 497 524 hospitii
520 459 684 510 servasset
705 447 745 507 ad
767 449 887 510 ultima'
901 469 1028 530 munus,
1064 415 1072 432 ⁴

208 548 276 610 Sed
296 549 407 609 timuit
428 569 558 631 magnas
579 555 793 633 Pygmalionis
815 575 903 638 opos,

168 657 269 737 Signa
290 669 505 717 recensuerat
525 657 575 718 bis
597 662 647 722 sol
669 680 741 724 sua:
765 665 885 725 tertius
909 664 978 725 ibat

205 765 342 837 Annus,
365 775 400 822 et
422 764 587 827 exsulibus
609 780 701 829 terra
721 771 863 851 peteuda
885 791 967 836 nota
992 786 1053 832 cst.

167 870 289 930 Frater
312 869 405 930 adest
425 869 581 954 belloque
603 874 707 956 petit,
730 895 789 936 rex
812 897 900 938 arma
920 899 1073 961 perosus,

205 980 271 1038 Nos
295 997 404 1038 sumus
428 975 599 1056 imbelles,
621 991 659 1040 tu
679 980 755 1061 fuge
779 1003 911 1066 sospes,
934 986 989 1050 ait.

166 1086 257 1144 Iussa
278 1083 382 1163 fugit,
404 1097 570 1168 ‘ventoque
595 1099 699 1146 ratem
723 1091 898 1154 committit
920 1105 955 1153 et
977 1093 1081 1160 undis,

206 1190 371 1272 Asperior
392 1193 509 1272 quovis
532 1208 677 1274 aequore
700 1193 807 1256 frater
831 1211 914 1262 erat.

164 1298 222 1356 Est
242 1317 348 1378 prope
369 1297 516 1380 piscosos
538 1301 678 1384 lapidosi
701 1303 867 1365 Crathidis
888 1325 997 1366 amnes

204 1407 329 1468 Parvus
352 1425 448 1484 ager:
473 1407 633 1468 Cameren
655 1409 761 1470 incola
784 1411 880 1472 turha
902 1426 1008 1476 vocat.

95 1521 109 1602 ζ
165 1512 247 1573 Illuc
271 1531 385 1574 cursus
409 1527 481 1574 erat
494 1537 504 1594 3
526 1533 589 1576 nec
610 1515 739 1594 longius
763 1517 869 1578 abfuit
890 1517 980 1595 inde,

206 1618 310 1709 Quam
332 1633 486 1702 quantum
507 1621 622 1685 novies
643 1622 778 1684 mittere
800 1623 901 1684 funda
921 1637 1043 1706 potest.

164 1726 247 1793 Vela
271 1725 387 1790 eadunt
407 1728 535 1811 primo,
559 1741 594 1789 et
615 1729 713 1790 dubia
734 1731 899 1792 librantur
922 1731 961 1793 ab
984 1753 1073 1794 aura.
1178 1741 1238 1805 535

204 1833 338 1896 Findite
360 1837 514 1916 remigio,
536 1835 646 1902 navita
669 1836 769 1913 dixit,
793 1859 902 1920 aquas.

164 1969 1234 1996 *Ἣ

213 2077 221 2092 ,ι
231 2043 291 2112 573.
313 2042 399 2120 Quid.
410 2045 444 2094 Et
453 2055 533 2094 tamen
544 2056 678 2104 oeternum,
697 2044 757 2097 Pro
770 2048 1029 2116 munusumstredus.
1047 2051 1089 2104 Hs
1102 2069 1177 2109 mov.
1197 2058 1238 2105 Ne

164 2147 245 2186 iutnen
257 2139 283 2192 Ιι,
297 2150 445 2188 servaret-
460 2139 595 2196 Extimuit.
614 2137 720 2195 Heinz.
735 2139 845 2210 Opusc.
858 2158 888 2212 p.
901 2141 960 2193 228·
976 2151 1072 2194 totum
1085 2144 1236 2199 distichon

163 2229 260 2287 tollit.
277 2229 421 2300 Equidem
434 2231 584 2302 quondam
593 2233 709 2286 conieci
721 2235 755 2284 Et
766 2244 874 2286 tantum.
910 2233 971 2301 574.
989 2236 1033 2288 Do
1045 2237 1236 2308 Pygmalione

162 2321 292 2394 Virgmt.
305 2312 333 2390 1,
346 2324 405 2392 346,
423 2330 473 2378 Sed
485 2345 561 2398 regna
574 2328 639 2393 Tyri
646 2346 780 2396 germanus
792 2329 898 2378 habebat
909 2331 1070 2398 Pygmalion,
1084 2335 1169 2383 scolere
1181 2347 1238 2383 urite

162 2420 225 2469 ulios
239 2423 369 2472 immanior
383 2441 475 2478 omnes.
491 2419 589 2473 Etiam
605 2438 651 2492 ap.
671 2420 728 2477 Sil.
745 2420 826 2485 VIII,
843 2420 885 2476 63.
904 2420 1010 2474 Battus
1011 2423 1086 2490 serre
1093 2443 1138 2492 per
1148 2445 1236 2492 aequor

161 2516 276 2566 Erititcm
286 2518 388 2566 initurae
400 2519 451 2568 iam
456 2517 625 2586 Pygmaliona
634 2517 743 2572 docebat,
776 2515 837 2583 575.
855 2513 898 2566 Ex
906 2515 1024 2574 melior.
1035 2517 1076 2570 Hs
1085 2535 1145 2577 rec.
1156 2539 1235 2571 recen·

161 2621 253 2676 suerat,
269 2610 364 2663 ceteri
376 2611 521 2666 recensebat.
555 2608 616 2678 576.
636 2608 678 2661 Hs
692 2624 708 2660 e
722 2617 803 2678 quat.
815 2606 873 2677 leg.
884 2609 1018 2675 exsulibus,
1033 2611 1127 2664 ceteri
1140 2614 1236 2671 exsilia

161 2733 195 2744 -
207 2704 284 2757 Octo
299 2710 403 2772 petenda
417 2721 475 2774 pro
487 2707 618 2772 poranda5
637 2700 714 2755 illud
728 2701 771 2752 Hs
785 2717 847 2758 rec.
883 2700 944 2770 577·
964 2701 1021 2758 Un.
1035 2705 1143 2770 belloque
1144 2707 1234 2773 ferox,

163 2795 488 2868 qtiodBurm.1placet.
513 2796 588 2855 Edd.
604 2813 681 2854 omn.
703 2805 774 2866 post
789 2796 852 2862 petit
869 2804 1012 2864 punctum
1028 2795 1153 2850 habent:
1178 2816 1233 2868 ego
1303 2815 1304 2822 ¹

161 2890 376 2962 prioravcrha
387 2889 469 2944 Batti
485 2891 565 2961 regis
579 2907 645 2943 esse
658 2904 778 2955 censeo,
793 2885 950 2958 quodSilii
960 2887 1045 2942 loeus
1055 2891 1234 2946 confirmare

160 2985 293 3042 videtur.
331 2986 392 3056 579.
409 2983 635 3052 Undecimfizcit.
669 2982 729 3040 580.
750 2981 798 3040 Cf.
808 2980 846 3048 11,
857 2981 901 3051 98.
915 2981 974 3053 Ap.
987 2982 1091 3043 Nostr.
1105 2985 1146 3044 Μ.
1158 2986 1232 3053 Xlll,

160 3099 220 3152 799.
239 3079 439 3152 Polyphemus
457 3079 493 3131 de
507 3095 561 3131 sua
574 3077 697 3131 Galatea
696 3077 823 3146 fillucior
837 3079 919 3142 undis,
931 3079 983 3130 His
991 3081 1137 3132 immobilior
1147 3101 1233 3149 scopu-

160 3178 205 3241 lis,
224 3177 347 3230 violentior
360 3193 446 3239 anano,
461 3175 564 3225 Surdior
574 3174 730 3240 aequoribus,
743 3173 837 3224 calcato
848 3172 965 3224 immitior
979 3175 1066 3239 hydro.
1094 3175 1138 3232 lh.
1151 3175 1231 3242 XIV,

159 3289 223 3339 71¹·
241 3271 343 3322 Surdior
355 3269 474 3336 illafreto
484 3277 598 3341 surgente
609 3267 865 3322 cudentibusHoedis.
898 3265 959 3324 582.
975 3266 1041 3318 Duo
1054 3277 1169 3322 tantum
1176 3272 1233 3321 Po-

161 3382 214 3426 run
230 3363 360 3436 quost
373 3379 450 3428 rec,
466 3378 522 3432 ego
536 3363 630 3416 ceter.
639 3359 710 3417 loct.
721 3358 864 3430 praetuli.
881 3390 916 3400 -
927 3359 1003 3418 Edd.
1015 3362 1122 3432 quaed.
1136 3365 1231 3416 Crome-

162 3478 215 3514 ran.
232 3456 265 3498 ’-
284 3461 386 3510 Vocant
400 3457 461 3528 leg.
469 3456 511 3508 Hs
527 3471 562 3506 ex
575 3469 647 3518 unc,
666 3468 721 3522 ego
739 3452 855 3506 servavi
871 3452 1000 3506 alterum
1013 3467 1092 3512 vocat.
1106 3485 1140 3497 ·-
1157 3454 1231 3506 Nus-

160 3567 248 3623 quam
258 3569 356 3624 prope
366 3549 549 3614 Grathidem‚
566 3544 686 3598 fluvium
695 3545 839 3598 Graeciae
855 3561 990 3617 magnae,
1006 3549 1109 3601 Camere
1122 3563 1230 3599 memo·

159 3655 257 3698 ratur.
290 3647 350 3714 584
368 3644 528 3698 NosterM.
542 3641 597 3708 IV,
608 3641 668 3712 708.
687 3644 797 3692 Tantum
815 3641 899 3692 aberat
913 3642 1033 3710 scopulis,
1046 3651 1167 3709 quantum
1176 3641 1229 3690 Ba·

160 3739 250 3792 leutico
263 3753 323 3792 torto
331 3744 421 3794 Fundet
427 3751 505 3810 potest
513 3741 613 3806 plumbo
624 3737 699 3788 medii
710 3735 873 3786 transmittere
883 3737 951 3794 coeli,
971 3733 1014 3790 ld.
1024 3733 1065 3792 Μ.
1077 3732 1153 3798 Vnt,
1166 3733 1230 3802 605.

163 3837 275 3888 Tantum
286 3839 389 3889 aderant
401 3855 506 3900 summo,
513 3843 638 3902 >quantum
649 3833 724 3882 semel
736 3833 770 3882 ira
783 3831 876 3895 sagitta
884 3831 968 3880 Missa
976 3837 1065 3894 potest,
1098 3824 1160 3882 585.
1178 3825 1229 3878 Se·

157 3939 242 4001 ptem
254 3931 373 3988 melior.
384 3942 408 3982 et
423 3947 485 3982 uon
502 3928 624 3984 habent.
642 3925 735 3978 Iidem
748 3923 885 3978 vibrantur.
906 3921 948 3974 Hs
961 3937 1036 3980 mar.
1047 3920 1114 3972 Vela
1127 3924 1229 3978 cadunt.

157 4025 249 4076 Primo
260 4026 320 4082 dub.
333 4027 387 4083 libr.
401 4037 429 4076 ut
439 4037 517 4090 noro,
530 4023 639 4084 Findita
652 4051 686 4061 -
697 4019 799 4074 Burin.
812 4015 1077 4079 coni.‘VeIacadant,
1092 4025 1115 4066 at
1127 4033 1157 4068 ne
1168 4019 1228 4074 doh.

157 4122 276 4173 librentur
284 4122 315 4173 ab
327 4141 402 4188 nura,
418 4121 492 4178 Find,
503 4147 536 4156 —-
546 4115 604 4171 Un.
617 4115 644 4168 in
655 4133 729 4170 auto.
