2876 4826
221 326 298 378 Vlss

221 506 286 590 bie
302 505 578 590 suavissimas.
617 505 690 592 Tu
706 506 822 592 eninr
838 501 946 592 mihi
962 505 1136 622 quidem
1150 509 1283 596 omni·

221 693 316 764 um,
335 664 412 778 qui
431 664 609 764 vivunt,
626 691 671 752 es
686 667 845 754 anticus
859 668 1125 770 veterrimus,
1144 698 1283 783 eoque

218 824 391 911 suavior
415 842 458 908 et
472 821 722 926 iucundior,
746 853 837 939 quo
861 825 1083 940 pauciores
1103 855 1158 912 ex
1183 829 1282 912 ami-

218 988 277 1070 cis
294 981 429 1068 felicis
453 982 567 1069 illius
586 985 733 1070 aetatis
749 981 888 1070 adhuc
910 987 1153 1100 superstites
1167 1004 1280 1073 sunt.

219 1144 377 1228 Trium
398 1144 485 1226 iam
508 1173 566 1228 ex*
590 1143 674 1228 iilis
698 1128 866 1228 obitum
880 1146 1069 1231 maxime
1086 1144 1281 1262 deploro,

114 1348 116 1354 ·
219 1332 403 1420 quorum
419 1331 532 1389 unus
540 1303 804 1405 Bounomos,
822 1306 1064 1422 integritate
1078 1323 1119 1390 et
1133 1303 1282 1392 cando

218 1495 264 1550 re
279 1465 414 1552 animi
429 1462 538 1549 mihi
552 1465 810 1566 carissimus,
829 1465 916 1548 iam
930 1482 1030 1550 ante
1046 1464 1193 1580 plures
1208 1495 1282 1550 an·
1311 1505 1319 1514 ·

217 1655 298 1712 nos
312 1625 472 1747 exkvita
486 1625 712 1708 immature
728 1621 938 1728 discessit3
967 1622 1283 1710 alterumnunc

218 1785 349 1902 lugeo
364 1781 472 1868 mihi
485 1801 622 1866 morte
636 1800 845 1896 eropum,
861 1783 1094 1884 Varenum,
1112 1784 1282 1870 arctissi-
1380 1747 1382 1754 Ι

215 1974 289 2030 mo
312 1943 494 2028 caritatis
510 1940 708 2042 vinculo,
735 1959 784 2026 ut
807 1959 907 2028 ante
922 1941 1185 2030 iuvenilibus
1200 1961 1281 2030 stu·

216 2103 298 2190 diis
319 2103 640 2202 communibus,
676 2128 844 2186 mecum
870 2104 1277 2190 coniunctissimum.
1361 2155 1365 2163 -
1411 2209 1412 2220 ,

216 2265 255 2349 Is
277 2263 378 2366 fuit,
407 2261 462 2346 de
486 2291 695 2376 quocum
719 2263 900 2348 Horatio
924 2259 1063 2348 dicere
1086 2290 1281 2377 possum:
1411 2269 1412 2278 '

215 2423 409 2526 Anima,
443 2417 630 2543 qualem
647 2450 793 2540 neque
818 2419 1128 2548 candidiorem
1152 2430 1282 2506 terra

216 2579 352 2684 t'nlz't,
369 2619 372 2632 ¹
387 2609 533 2701 neque
558 2584 639 2666 cui
655 2610 728 2666 me
742 2576 851 2690 suit
870 2579 1124 2669 destinetur
1144 2577 1280 2666 alter.

143 2730 145 2734 ¹
215 2737 489 2855 Cui-quando
501 2737 643 2856 pudor
655 2758 700 2826 ¹et
708 2741 892 2862 iustitiae
904 2769 1022 2826 soror
1033 2741 1282 2854 incorrupte

216 2901 331 3001 fides,
346 2898 549 3014 nudaque
559 2901 725 3001 veritas,
737 2897 910 3016 quando
925 2899 1152 2985 liberalitas
1166 2917 1208 2984 et
1218 2927 1282 2982 ca·

215 3061 379 3184 ritasin
394 3087 562 3160 ornnes,
582 3058 757 3173 quando
771 3057 961 3144 doctrina
980 3057 1145 3144 subtilis
1161 3075 1203 3142 et
1219 3055 1283 3141 lit«

215 3238 329 3306 terne
350 3219 584 3304 interiores·
599 3247 646 3302 ac
665 3215 929 3318 reconditae,
955 3215 1128 3333 quando
1146 3217 1284 3332 pietus
1311 3283 1314 3288 -
1408 3273 1409 3276 κ

215 3383 268 3467 iu'
290 3375 420 3464 deum
449 3379 611 3464 sincera
638 3395 680 3460 et
705 3377 897 3462 infucata
924 3374 1285 3462 ullumiuveniet

215 3535 394 3656 peremi
422 3537 553 3624 Hunc
563 3563 836 3624 communem
851 3535 978 3622 nobis
991 3528 1174 3620 amicum
1189 3563 1280 3649 per·
1409 3639 1410 3662 ἶ

214 3717 372 3814 petuus
393 3725 523 3811 sopor
549 3714 691 3813 urget3
714 3673 857 3800 ,huius
884 3695 1050 3782 obitum
1071 3723 1213 3808 nuper
1228 3693 1282 3778 la·
1409 3717 1410 3736 ¹

217 3837 396 3946 mentati
411 3885 567 3946 sumus.
612 3853 697 3942 Sed
715 3855 839 3942 illum
857 3855 943 3941 iam
959 3854 1106 3971 lugere
1122 3851 1282 3942 desina-

216 4049 329 4115 mus,
365 4036 406 4106 et
430 4016 544 4106 tertii
566 4015 903 4118 meminerimus,
941 4013 1061 4103 cuius
1078 4042 1191 4140 mors
1211 4043 1283 4102 no·
