2876 4826
482 1129 888 1220 PRAEFATIO.

153 1425 293 1532 Redeo
324 1469 451 1532 tandem
480 1467 652 1552 aliquando
681 1480 754 1550 post
781 1466 918 1550 triginta
950 1459 1022 1525 iere
1052 1477 1150 1520 anuos
1179 1459 1219 1516 ad

156 1596 311 1662 Ovidium
338 1613 463 1672 meum,
492 1613 586 1676 quern
616 1605 705 1654 tanto
733 1591 888 1675 temporis
912 1587 1017 1674 spatio
1042 1584 1218 1648 interiecto

156 1727 344 1806 neglectum
365 1695 401 1786 ae
417 1725 489 1785 l'ere
506 1703 661 1784 iacentem
681 1722 814 1804 reliqui.
854 1721 904 1780 Ex
923 1737 988 1800 quo
1007 1719 1091 1777 enim
1106 1713 1218 1779 Ovidii

156 1857 273 1915 Fastos
291 1855 413 1938 primus
429 1855 568 1916 omnium
585 1848 769 1936 germanice
782 1851 813 1932 ¹)
825 1847 972 1930 reddidi,
995 1847 1087 1911 buius
1102 1850 1219 1928 [metae

157 1997 257 2066 atque
284 1987 356 2046 eius·
382 1984 532 2045 carminis
558 2003 728 2066 numquam
753 1982 845 2058 fere,
878 1963 1220 2040 saltem.ra1·oouram

159 2113 275 2190 habui,
298 2115 361 2176 etsi
382 2127 449 2176 tum
466 2109 595 2196 quidem
617 2115 650 2178 in
669 2107 872 2196 praelatione
895 2109 1096 2195 germanicae
1117 2109 1220 2168 inter·

156 2243 355 2324 >prelationis
377 2265 427 2304 me
450 2244 694 2307 commentarios
705 2246 738 2325 ²)
753 2245 787 2304 in
797 2244 868 2304 'hoe
884 2241 996 2306 Ovidii
1011 2235 1125 2322 po'e‘rna
1141 2236 1232 2298 ube·¹

111 2431 113 2436 .
160 2375 268 2434 riores
289 2373 479 2458 brevi'post
500 2375 664 2438 editurum
685 2374 904 2457 promiseram.
941 2373 1011 2430 Hoc
1031 2367 1220 2450 promissum

228 2713 255 2790 ²)
274 2709 368 2761 Huius
386 2709 650 2778 interpretationis
667 2709 825 2782 inscriptio
838 2718 895 2763 est:
915 2710 968 2759 Der
981 2709 1016 2758 Ρ,
1034 2707 1138 2758 Ouidius
1152 2707 1221 2755 Naso

159 2803 337 2866 Festlalender,
352 2803 471 2854 iiberretzt
483 2822 525 2854 von
535 2805 561 2853 Ι.
570 2803 605 2853 P.
616 2803 704 2852 Krebs.
723 2801 847 2856 Franltl.
858 2817 882 2856 a.
892 2801 931 2855 M.
943 2818 1016 2870 ¹799·
1025 2799 1052 2856 8.
1067 2797 1147 2848 Haec
1160 2797 1221 2866 pri·

162 2909 208 2944 ma
220 2903 265 2946 est
275 2894 487 2968 interpretatio
497 2891 666 2962 germanica
677 2891 805 2942 omnium
813 2891 900 2943 huius
911 2891 1055 2962 poematis
1064 2890 1222 2946 librorum.

161 2983 256 3036 lllulta
270 2988 404 3039 tamenin
417 3003 451 3039 ea
464 2995 549 3047 sunt,
566 2983 632 3035 dico
644 2993 763 3054 aperte,
777 2999 851 3052 quae
864 2983 939 3034 male
951 2983 1085 3035 intellexi
1098 2992 1127 3035 et
1139 2997 1239 3052 prae.

162 3087 285 3146 postero
300 3094 333 3130 ae
349 3088 459 3133 temore
475 3076 570 3142 verti,
594 3073 701 3140 multa,
724 3092 799 3146 quae
817 3093 895 3128 nune
908 3075 1061 3138 mutanda,
1085 3075 1221 3138 delenda,

163 3169 321 3221 recidenda
338 3169 423 3227 duco.
449 3171 508 3223 Nee
520 3170 625 3222 mirum
635 3169 701 3220 irleo
716 3169 785 3221 mibi
800 3169 857 3240 ipsi
872 3169 1044 3232 videbatur,
1061 3169 1224 3238 quodbaee

163 3278 226 3314 mea
243 3262 456 3333 interpretatio
477 3263 567 3314 toties
586 3261 616 3313 in
632 3259 760 3330 Gierigii
780 3261 887 3315 iustam
903 3261 1166 3334 reprehensionem
1182 3261 1224 3312 in·

163 3352 324 3422 currisset,
341 3356 398 3409 etsi
412 3373 516 3408 rursus
530 3353 629 3407 enslem
641 3353 816 3427 diligentius
831 3354 965 3424 inspecta
977 3354 1072 3424 ipsum
1081 3369 1222 3404 nonnum·

161 3463 247 3518 quam
259 3449 295 3501 ab
308 3449 464 3502 erroribus
479 3457 615 3525 avortere
629 3447 796 3518 potuisset,
815 3456 847 3499 ut
861 3447 890 3511 1,
904 3448 963 3515 (ηπ.

230 3546 258 3607 ²)
278 3543 309 3598 ln
325 3543 454 3595 hisvero
471 3539 639 3594 scribendis
654 3549 715 3592 tum
734 3556 788 3609 per
805 3540 878 3593 rluos
894 3555 987 3592 annos
1005 3547 1165 3608 oeeupatus
1177 3535 1222 3587 fui

163 3613 275 3704 eosque
289 3634 352 3687 lere
368 3651 461 3704 usque
480 3633 516 3685 ad
533 3634 619 3685 finem
631 3629 766 3703 perduxi.
799 3631 858 3684 Sed
869 3642 937 3701 post
951 3647 1042 3702 opere
1057 3629 1141 3682 finito
1161 3627 1224 3679 ani·

162 3726 321 3792 madverti',
341 3727 432 3779 multa
443 3737 599 3795 praeterea
615 3742 678 3778 esse
696 3724 836 3795 legenda,
850 3741 925 3794 quae
941 3723 1222 3776 nondumadmauus

163 3829 283 3884 essent,
311 3821 345 3870 de
365 3815 466 3872 multis
486 3820 614 3873 ulterius
634 3835 698 3872 esse
718 3819 918 3890 quaerendum
937 3835 970 3868 ae
989 3813 1223 3884 disceptandum.

164 3911 269 3964 Postea
288 3893 355 3963 attii
370 3912 406 3964 ab
427 3913 478 3963 bac
489 3929 524 3964 re
540 3930 663 3984 prorsus
680 3911 785 3966 alienis
799 3910 900 3964 multis
913 3907 1067 3961 laboribus
1079 3907 1131 3960 hos
1147 3925 1224 3978 opus

166 4015 210 4072 est
225 4005 311 4074 plane
327 4006 544 4074 interruptum,
565 4023 618 4059 nec
635 4021 769 4076 umquam
785 4021 801 4056 a
816 4021 877 4068 me,
897 4001 976 4072 quod
992 3999 1107 4066 sentio,
1126 3999 1223 4056 absol·

162 4107 248 4158 retur
266 4113 298 4150 ac
314 4098 498 4170 perficietur.
719 4081 720 4086 ἵ
1233 4095 1234 4098 ’
