2876 4826
225 359 270 410 vl

227 533 299 622 sed
316 534 382 620 his
401 537 529 620 etiam
548 533 673 650 plura
692 549 958 634 accesserunt,
977 561 1086 648 quae
1104 561 1174 619 me
1183 533 1292 618 T1b1

226 695 592 780 devinctissimum
623 694 759 834 facere
788 691 1003 784 deberent
1059 695 1133 778 Tu
1161 696 1290 794 enim,

227 882 362 970 quum
370 852 511 953 Hans,
534 819 698 963 nabe
653 850 749 967 osea
748 853 918 970 patria,
947 852 1185 938 studiomm
1198 883 1297 960 cau
1415 963 1416 966 Ρ

226 1045 271 1102 sa
292 1041 500 1099 recessum
515 1011 795 1125 tranquillum
812 1039 1050 1126 quaereres,
1070 1030 1291 1126 paternam
1415 975 1416 1008 ³

226 1201 363 1257 meam
384 1167 562 1262 domum
598 1167 873 1255 habitationis
897 1171 1022 1256 Tuae
1047 1169 1189 1257 sedem
1216 1169 1292 1255 ele·
1415 1281 1416 1290 Ν

226 1333 337 1450 gissi.
367 1332 428 1416 lta
447 1329 631 1416 familiae
646 1317 1292 1440 meae,parentum,meus‚fra-

225 1487 425 1606 numque
445 1489 625 1576 interior
652 1486 784 1572 factus
805 1515 847 1572 es
877 1491 1051 1578 anneus:
1082 1491 1157 1600 Tu
1173 1489 1291 1574 fuisti

228 1669 458 1764 parentum
478 1647 675 1747 deliciae,
695 1647 782 1731 ,Tu
805 1645 912 1731 mihi
938 1666 979 1734 et
1005 1647 1200 1734 fratribus
1224 1675 1292 1732 ex·
1415 1647 1416 1716 ἓ

228 1807 391 1922 emp1ar
407 1806 645 1920 probitatis,
659 1803 905 1905 industriae,
923 1807 1186 1894 emditiouis.
1221 1807 1301 1890 Ex'

227 1966 302 2052 illo
316 1983 511 2080 tempore
525 1964 710 2050 amicitia
729 1983 769 2050 et
785 1965 1054 2068 familiantas
1066 1995 1175 2082 quae
1184 1953 1291 2050 Tibi

227 2127 452 2212 nobiscum
469 2125 768 2225 intercesserat,
787 2124 913 2208 etiem
927 2141 1063 2240 quum
1077 2123 1199 2210 Halis
1215 2119 1291 2208 dis·

228 2289 430 2388 cessisses,
455 2285 576 2370 firma
593 2301 634 2370 et
653 2303 863 2400 perpetua
874 2285 1042 2372 mansit.
1094 2283 1172 2367 Per
1188 2280 1291 2366 litte-

138 2418 141 2422 ⁵
227 2472 292 2532 ras
314 2446 432 2564 enim
454 2441 638 2530 subinde
656 2473 748 2528 non
776 2442 912 2529 solum
932 2443 1024 2528 Tui
1042 2425 1290 2528 memoriam
1415 2411 1416 2448 ³

228 2601 796 2727 periucundamtrenovabas,
815 2599 887 2690 sed
899 2599 1153 2687 documenta
1166 2598 1290 2681 etiam

229 2761 355 2878 dabas
382 2764 473 2847 Tui
499 2763 702 2877 perpetui
727 2763 776 2846 in
808 2791 887 2848 nos
915 2757 1080 2846 amoris.
1131 2755 1291 2870 >Itaque

52 2898 53 2902 ¹
121 2940 125 2946 “
229 2921 560 3040 quum'triginta
579 2949 671 3008 uno
696 2921 853 3008 abhinc
874 2919 996 3006 annis
1012 2913 1291 3000 Collaborato-

229 3081 285 3168 ris
306 3080 462 3167 nisibus
484 3084 532 3164 in
549 3081 787 3192 Gymnasio
810 3095 960 3186 nostro
975 3103 1157 3160 vacuum
1176 3082 1290 3171 esset,

231 3220 306 3326 Tu
316 3247 470 3356 patino
480 3225 596 3340 Tuo,
610 3255 704 3322 tum
712 3229 887 3325 Rectori
896 3236 1131 3348 Gymnasii‚
1148 3252 1292 3318 auctor

211 3375 215 3381 ¹
231 3373 371 3518 gravis
386 3395 505 3483 fuisti
516 3361 716 3484 nieHalis
725 3395 1031 3512 Weilburgum
1047 3389 1289 3479 arcessendi.

233 3561 333 3643 Tua
347 3558 572 3642 auctoritas
585 3556 732 3644 valuit.
765 3557 861 3676 Ego
875 3553 1108 3640 honorifice
1122 3570 1293 3637 vocatus
1415 3541 1416 3574 ¹

233 3719 413 3833 patriam
431 3716 587 3832 reliqui
614 3749 662 3804 ac
686 3735 779 3804 n'on
795 3717 959 3802 invitus
979 3700 1063 3798 huc
1079 3713 1293 3826 profectus

234 3907 339 3966 sum.
374 3853 507 3961 Tuo
493 3877 646 3994 igitur
640 3877 795 3977 amori,
813 3857 939 3962 Tuae
955 3871 1292 3969 benevolentiae,

237 4037 327 4124 Γ
282 4067 340 4124 uo
364 4037 499 4123 saion
488 4000 658 4124 'debeo
681 3999 996 4152 quodammodo
1018 4013 1164 4120 sedem
1182 4013 1293 4117 hanc
