2914 4836
243 312 304 376 2311
580 309 618 368 P·
638 304 772 373 OVlDll
794 307 973 408 NASONIS

326 495 399 554 Mox
421 491 518 552 etiam
540 491 700 552 Lemures
722 489 842 548 animas
864 487 978 547 dixere
1002 485 1170 563 silentum

366 599 429 661 Hie
448 597 543 659 verbi
567 617 701 671 sensae,
723 597 773 658 ris
796 615 833 656 ea
855 595 945 657 vocis
969 605 1051 656 orat.

244 707 306 783 485
327 709 414 768 Fano
437 719 543 766 tamon
566 715 699 766 veteres
721 703 789 762 iilis
812 703 962 763 clausero
986 701 1115 778 diebus,

366 815 409 874 Ut
430 832 516 873 nuno
538 810 635 870 i'erali
657 822 808 892 temporo
830 821 945 892 operta
970 809 1074 870 vidos.

307 921 394 982 Neo
414 918 532 982 viduae
555 917 659 978 taedis
681 916 813 992 eadem,
836 937 897 976 noc
919 916 1057 996 virginis
1081 929 1155 1000 apta

367 1027 541 1108 Tempora.
585 1025 677 1116 Quae
698 1023 830 1107 nupsit,
852 1045 915 1084 non
939 1023 1092 1084 diuturna
1115 1025 1188 1087 fuit.

327 1135 397 1194 Hae
419 1151 548 1215 quoque
570 1131 610 1192 de
634 1151 749 1206 causa,
780 1132 807 1191 si
829 1141 863 1192 te
885 1131 1063 1213 proverbia
1086 1129 1235 1214 tangunt,

245 1253 306 1326 490
367 1243 476 1302 Mense
497 1241 597 1300 malas
617 1239 702 1300 Maio
723 1238 850 1300 nubere
875 1238 986 1316 vulgus
1009 1237 1064 1303 nit.

329 1347 395 1411 Sed
422 1359 529 1409 tamon
557 1347 639 1408 haec
660 1345 726 1406 tria
748 1357 824 1406 sunt
846 1345 906 1405 sub
929 1343 1045 1406 eodem
1066 1357 1215 1429 tempore
1237 1345 1319 1408 i'esta

368 1456 459 1517 Inter
481 1474 517 1515 so
539 1454 629 1515 nulio
651 1453 839 1516 continuata
861 1451 925 1514 die.

253 1685 256 1692 ’
328 1671 475 1760 Quorum
497 1671 522 1730 si
544 1667 661 1731 mediis
682 1670 843 1729 Boeotum
865 1665 992 1730 Oriona
1014 1687 1176 1750 quaeres3

365 1781 481 1842 Falsus
503 1779 578 1841 eris.
619 1773 711 1853 Signi
733 1791 827 1834 causa
849 1776 990 1836 canenda
1011 1775 1102 1842 mihi.

246 1886 494 1971 495111ppit01'‚
533 1897 585 1960 et,
624 1885 692 1943 lato
721 1881 778 1963 qui
808 1895 924 1962 regnat
955 1883 989 1944 in
1017 1902 1182 1966 aequore,
1213 1883 1318 1946 frater

368 1991 555 2074 Carpebant
577 1990 700 2065 socias,
722 1989 992 2074 Mercuriusque,
1015 1991 1094 2055 vias.

327 2101 470 2183 Tempus
493 2111 582 2176 erat,
605 2118 668 2181 quo
690 2117 784 2162 versa
806 2097 880 2178 iugo
901 2099 1098 2160 referuntur
1120 2111 1239 2163 aratra.

366 2209 410 2272 Et
430 2227 570 2292 pronum
591 2217 719 2266 saturae
740 2204 791 2264 lac
811 2203 897 2266 bibit
920 2225 1021 2287 agnus
1044 2207 1126 2271 ovis.

313 2547 374 2617 483.
391 2545 534 2600 Glossae:
551 2548 669 2598 Lemnon
682 2535 848 2622 ooxiepwoi
867 2534 1019 2615 δαίμονες.
1081 2543 1142 2611 484.
1168 2542 1211 2596 Ex
1229 2542 1323 2600 duob.

245 2642 287 2694 Hs
300 2657 363 2700 roo.
376 2643 408 2693 Is
417 2642 495 2705 verbi,
511 2649 593 2710 quat.
610 2642 696 2706 Hine,
714 2649 772 2696 cet.
789 2657 891 2693 omues
909 2641 978 2704 Hic,
994 2638 1075 2709 quod
1087 2638 1203 2690 servari
1215 2669 1248 2678 —
1260 2637 1323 2689 Alii

244 2736 412 2800 sensusoerbi,
427 2735 485 2787 duo
498 2743 604 2804 exopt.
618 2743 649 2786 ot
661 2732 720 2786 (luo
730 2734 769 2790 ai.
777 2735 865 2790 verbis.
904 2733 965 2800 485.
978 2733 1045 2784 'Alii
1058 2733 1143 2784 mulii
1156 2744 1237 2783 tannen
1247 2735 1324 2783 lemn-

246 2849 293 2888 res.
312 2828 359 2882 cf.
369 2827 409 2893 11,
418 2829 480 2886 563.
515 2828 575 2894 486.
593 2825 721 2880 Plurimi
729 2829 820 2883 vident.
839 2829 942 2893 Feralis,
956 2828 1035 2879 unde
1047 2829 1155 2892 iii-alia,
1168 2826 1324 2896 dequibus

244 2923 346 2976 Varro
362 2922 435 2981 L.L.
444 2922 482 2978 V.
491 2939 520 2992 p.
531 2922 576 2978 55.
593 2923 693 2973 Feralia
705 2924 737 2972 ab
749 2923 838 2990 {affaris
848 2921 990 2989 etfireudo,
1005 2920 1166 2987 quodferum
1174 2932 1227 2969 turn
1240 2922 1326 2986 epulas

244 3021 282 3069 ud
296 3019 451 3085 sepulcrum,
468 3018 556 3083 quibos
573 3015 614 3067 ius
633 3017 670 3068 ibi
684 3027 824 3084 pueritate.
876 3015 937 3082 487.
965 3012 1324 3082 Cf.11‚557.l³1utareh.

245 3110 368 3185 Quaere.
385 3126 460 3166 rom.
473 3108 517 3166 86.
539 3106 586 3165 Οὐ
602 3112 761 3184 γαμοῦσιν
780 3100 837 3164 οὖν
854 3102 887 3164 ἐν
905 3107 952 3183 τῷ
965 3097 1084 3184 Μαΐῳ,
1109 3098 1323 3187 περιμένοντες

245 3196 305 3261 τὸν
322 3192 471 3267 Ἰούνιον,
492 3206 544 3259 ubi
563 3206 643 3259 inter
657 3206 762 3278 plures
777 3220 880 3258 causas
901 3206 990 3258 etiam
1004 3205 1080 3257 bane
1097 3204 1197 3256 addit:
1227 3192 1247 3268 ιῖ
1270 3192 1326 3256 ὅτι

245 3293 363 3358 πολλοὶ
373 3299 521 3364 Λατίνων
540 3301 572 3362 ἐν
593 3307 641 3383 τῷ
657 3301 727 3381 μηνὶ
747 3300 856 3383 τούτῳ
880 3311 948 3374 τοῖς
967 3299 1205 3384 κατοιχομένοις
1224 3299 1325 3378 ἐναγί-

243 3396 343 3472 ζουσι.
381 3403 443 3474 489.
461 3403 528 3457 Duo
541 3406 660 3460 convivia,
678 3403 813 3460 Hsooni.
828 3403 1137 3473 nateoouoierbtangnnt.
1182 3405 1244 3470 4ου,
1262 3401 1325 3454 Me—

244 3499 316 3552 lior.
330 3513 433 3552 omnes
447 3497 535 3564 malas,
551 3497 633 3570 quod
642 3497 685 3550 Hs
700 3515 726 3554 e.
736 3497 816 3553 ciof.
829 3513 903 3562 roo,
921 3505 979 3552 oet.
992 3498 1095 3552 nealmn.
1140 3497 1200 3563 44ι.
1220 3495 1276 3550 Un.
1290 3511 1327 3546 ex

244 3602 310 3665 opt.
319 3603 349 3646 et
363 3602 477 3665 septem
491 3591 642 3657 ebriamine,
655 3589 737 3661 quod
748 3589 840 3660 Neap.
852 3605 915 3646 roe.
955 3590 1018 3660 443.
1036 3591 1101 3642 Duo
1113 3605 1146 3642 ex
1164 3598 1227 3660 opt.
1237 3590 1328 3646 medab.

244 3717 278 3728 ·-
291 3686 401 3739 Omnes
415 3686 481 3739 foro
491 3688 623 3752 Boeotum,
636 3683 719 3756 quod
731 3699 757 3734 o.
769 3683 853 3741 Gior.
864 3685 992 3749 servari,
1009 3684 1086 3741 lise.
1105 3683 1173 3740 edd.
1182 3682 1325 3754 quibusd.

244 3781 360 3837 Boeoton.
374 3809 409 3852 -ς-
429 3779 504 3832 Tres
524 3797 642 3846 quaeras,
663 3774 787 3846 plurimi
803 3779 911 3843 quaeris.
963 3779 1022 3848 494,
1041 3777 1326 3841 meliorassem,

243 3873 326 3942 quod
338 3890 364 3926 o.
376 3872 455 3930 Cios.
465 3873 598 3926 iumento
607 3871 649 3923 Hs
662 3879 819 3941 receptum
827 3881 884 3936 est,
899 3871 1022 3942 plurimi
1034 3875 1153 3926 sotianda.
1190 3873 1250 3940 444.
1266 3871 1326 3926 Uo.

242 3966 312 4024 mel.
325 3968 421 4020 ιοῑίιω.
444 3966 579 4021 Similem
591 3963 724 4018 fabulam
735 3963 919 4018 Philemonis
934 3975 965 4018 et
979 3963 1121 4018 Baucidis
1135 3965 1259 4018 uberius
1272 3982 1324 4016 no-

243 4066 308 4112 ster
321 4060 456 4114 narrauit
470 4060 500 4113 in
509 4059 753 4131 M.V111‚626sq.
787 4061 850 4131 447.
869 4060 936 4113 Duo
953 4076 988 4112 ox
998 4076 1036 4128 op
1042 4069 1062 4116 t.
1073 4061 1218 4129 reserentur.
1234 4057 1323 4126 Virg.

242 4149 277 4209 E.
292 4149 396 4218 11,66.
418 4153 548 4222 Adspice,
566 4165 651 4207 aratra
670 4155 729 4228 iugo
746 4155 854 4226 refirunt
867 4173 987 4222 suspensa
1003 4154 1106 4211 iuvenci.
1175 4151 1241 4222 448.γ
1257 4149 1326 4202 Duo
