2906 4836
243 320 282 387 53
579 317 617 379 Ρ.
641 316 779 388 ovton
798 315 976 383 NASONIS

326 502 447 565 Causas
471 500 639 584 repertori
660 500 735 565 vitis
755 501 809 583 pia
831 520 923 562 sacra
944 499 1113 584 parabant,

243 611 302 674 330
364 605 457 700 Quae
479 607 627 669 facerent
647 627 749 690 pure,
771 627 869 691 quum
890 607 980 668 foret
1001 619 1074 668 orta
1095 606 1175 668 dies.

321 716 435 778 Noctis
453 727 526 776 erat
540 713 700 776 medium:
724 713 801 796 quid
820 735 884 774 non
901 733 991 774 amor
1006 713 1174 796 improbus
1185 715 1305 778 audet?

361 822 501 885 Roscida
521 841 584 904 per
605 819 758 881 tenebras
778 821 908 881 Faunus
932 819 972 881 ud
993 833 1087 883 cntra
1107 821 1209 885 venit.

321 931 428 1011 thue
450 929 542 995 videt
563 946 674 1001 somno
696 925 830 987 comites
851 925 994 1008 vinoque
1019 927 1157 1004 solutos,

361 1039 459 1119 Spem
480 1035 568 1118 capit
589 1034 623 1093 in
648 1032 787 1094 dominis
809 1050 877 1094 esse
898 1031 1026 1115 soporis
1046 1034 1146 1112 idem,

240 1145 298 1212 335
320 1146 444 1221 lntrat,
467 1155 501 1204 et
522 1143 583 1204 huc
606 1141 685 1202 illue
706 1139 903 1202 temerarius
926 1152 1018 1202 errat
1038 1139 1181 1221 adulter,

241 1332 246 1336 ¹
358 1253 402 1312 Et
422 1247 573 1332 praefert
595 1259 702 1309 cautes
722 1247 996 1330 subsequiturque
1016 1268 1141 1328 manus,

292 1333 300 1345 .
317 1359 464 1426 Venerat
486 1353 526 1416 sd
547 1355 643 1416 strati
665 1359 793 1439 captata
814 1353 937 1416 cubilia
956 1354 1047 1436 lecti,

356 1465 401 1523 Et
421 1461 526 1544 prima
547 1449 628 1522 felix
650 1474 742 1524 sorte
762 1462 895 1524 futurus
915 1473 998 1522 erat.

316 1573 359 1634 Ut
380 1569 491 1650 tetigit
512 1567 595 1634 fulvi
617 1568 695 1629 setis
716 1568 839 1630 hirsuta
859 1567 968 1629 lconis

235 1679 296 1754 340
355 1677 510 1752 Vellera,
531 1673 722 1758 pertimuit,
747 1673 965 1757 sustinuitque
985 1694 1123 1754 manum,

314 1781 550 1864 Attonitusque
570 1792 661 1842 metu
681 1779 799 1860 riguit:
821 1793 858 1841 ut
880 1799 978 1862 saepe
998 1781 1107 1845 viator

353 1889 536 1950 Turbatnm
556 1887 628 1953 viso
649 1887 782 1948 rettulit
803 1905 906 1966 angue
926 1887 1054 1968 pedem.

313 1996 392 2059 Inde
414 1995 500 2071 tori,
522 1993 579 2076 qui
599 1993 731 2054 iunctus
753 2004 844 2069 erat,
865 1992 1152 2081 relamiua'taugit

264 2169 265 2173 ,
349 2103 476 2180 Mollia,
498 2098 645 2162 mendaci
667 2098 899 2182 decipiturque
920 2105 1006 2167 dots.

230 2211 289 2286 345
310 2207 505 2291 Adscendit,
527 2207 713 2290 spondaque
735 2206 797 2267 sibi
817 2207 978 2290 propiore
1000 2211 1183 2274 recumbit:

348 2317 393 2376 Et
413 2313 524 2398 rigido
546 2333 649 2375 cornu
670 2312 785 2375 durius
807 2313 929 2396 inguen
950 2329 1034 2384 erat.

309 2425 440 2484 interea
460 2422 587 2484 tunicas
608 2441 668 2484 ora
688 2420 839 2483 subducit
860 2420 899 2482 ab
921 2421 1001 2482 ima:

347 2529 539 2590 Horrebant
560 2527 667 2588 densis
690 2548 807 2611 aspera
828 2547 926 2588 crura
947 2529 1036 2610 pilis.
1094 2505 1097 2511 Ι

309 2637 429 2697 Cetera
450 2647 629 2697 tentantem
651 2634 761 2697 cubito
774 2625 974 2716 *Tirynthius
996 2635 1092 2697 beros

225 2743 284 2808 350
345 2742 515 2825 Reppulit.
556 2743 585 2802 Ε
607 2761 729 2802 summo
752 2739 876 2802 decidit
898 2741 955 2802 ille
976 2754 1061 2804 toro.

288 3113 350 3182 329.
367 3111 466 3166 Noun.
476 3111 610 3178 psbsucra,
627 3111 707 3181 quod
723 3128 750 3165 e.
762 3112 863 3164 Medio
877 3111 1002 3173 Norant.
1019 3113 1104 3168 lectt.
1120 3113 1175 3186 Ep.
1187 3115 1230 3173 63.
1245 3115 1287 3169 Hs

221 3220 297 3267 rec,
314 3203 408 3256 ceteri
421 3203 572 3269 quiasacra.
614 3204 675 3262 333.
695 3204 755 3256 Pro
774 3225 837 3262 cnm.
851 3221 900 3262 un.
919 3207 1008 3272 socsbs,
1025 3206 1102 3260 alius
1108 3207 1236 3276 famulos.
1254 3237 1288 3252 «-

220 3295 346 3349 Plurimi
363 3297 476 3362 saturos,
502 3281 583 3367 q'uoe
601 3297 643 3350 Hs
663 3297 810 3362 servavit,
838 3297 921 3368 quid.
945 3302 1065 3368 semota,
1092 3302 1144 3356 aus
1161 3313 1288 3373 gravatos,

219 3389 258 3446 ul.
278 3391 395 3455 iacentes,
417 3406 470 3448 un.
484 3392 584 3457 sopitos.
631 3389 692 3457 334.
718 3391 784 3443 Duo
798 3403 821 3442 st
836 3393 955 3458 dominis,
973 3396 1096 3451 undrim
1110 3399 1189 3461 dom„
1208 3396 1285 3448 alius

220 3487 246 3534 in
257 3486 382 3541 dominos.
422 3482 484 3552 337.
501 3482 687 3541 Umbrorum.
728 3484 788 3550 340.
804 3483 1031 3556 Pleriqmanus,
1045 3489 1287 3548 melior.manum.

217 3579 278 3645 341.
297 3577 418 3647 Septem
432 3575 551 3633 melior.
564 3577 654 3648 riguit,
673 3576 754 3647 quod
768 3577 887 3648 recepi,
907 3597 997 3651 quum
1008 3583 1203 3648 remanserit,
1220 3599 1281 3634 non

217 3671 372 3738 redierit.;
401 3669 497 3723 ceteri
510 3671 598 3736 rediit,
618 3669 698 3740 quod
715 3670 757 3726 Hs
771 3680 801 3723 et
816 3670 917 3729 Burm.
931 3673 1046 3744 legunt.
1063 3704 1097 3714 -
1113 3673 1174 3726 Pro
1188 3673 1282 3729 otalii

215 3767 352 3837 paucior.
366 3784 420 3822 ceu.
437 3764 497 3816 Pro
511 3781 582 3831 saepe
596 3761 648 3815 He.
665 3777 739 3820 mov.
751 3779 806 3830 sepe
822 3767 951 3834 (crepes)
965 3768 1014 3820 vel
1024 3785 1102 3832 repre.
1143 3765 1205 3833 345.
1223 3766 1281 3825 Un.
1346 3819 1347 3822 ,

214 3859 372 3911 Accedit-
388 3859 487 3916 Noun.
505 3859 600 3914 resedit.
642 3856 703 3922 346.
723 3856 833 3908 Omnes
852 3857 918 3910 sere
932 3859 1069 3924 tumidum,
1089 3875 1142 3916 un.
1152 3859 1283 3926 cupidum,

215 3949 292 4006 alius
306 3955 427 4024 rigidum,
438 3968 516 4006 unus
527 3960 641 4004 tautum
654 3951 750 4021 rigido,
764 3949 845 4021 quod
855 3949 897 4002 Hs
911 3950 1049 4007 etBurm.
1058 3967 1121 4008 rec.
1148 3952 1210 4022 347.
1222 3951 1280 4010 Uo.

213 4047 322 4102 deducit.
355 4045 416 4113 348.
433 4045 489 4102 Uu.
503 4045 597 4111 spissis.
617 4042 670 4100 He.
683 4044 761 4104 coni.
775 4045 848 4096 hirtis
860 4045 970 4114 hispida.
1014 4045 1076 4118 349.
1093 4046 1278 4105 [immortuu-

213 4153 269 4197 tem.
285 4168 318 4182 ···
333 4138 459 4193 Plurimi
470 4141 558 4198 subito.
